@article{Brusa2014,
  author = {Brusa, A. and Bunker, D. E.},
  year = 2014,
  title = {Increasing the precision of canopy closure estimates from hemispherical photography: Blue channel analysis and under-exposure},
  journal = {Agricultural and Forest Meteorology},
  volume = {195-196},
  number = {},
  pages = {102--107},
  FILE = {~/Documents/papers/brusa_bunker_2014.pdf},
  DOI = { http://dx.doi.org/10.1016/j.agrformet.2014.05.001 }
}

@article{Williams2017,
  author = {Williams, L. J. and Paquette, A. and Cavender-Bares, J. and Messier, C. and Reich, P. B.},
  title = {Spatial complementarity in tree crowns explains overyielding in species mixtures},
  year = 2017,
  journal = {Nature Ecology \& Evolution},
  volume = {1},
  number = {},
  pages = {1--7},
  FILE = {~/Documents/papers/williams_2017.pdf},
  DOI = { http://dx.doi.org/10.1038/s41559-016-0063 }
}

@article{Sahin2016,
  author = {Sahin, C.},
  title ={Comparison and Calibration of Mobile Phone Fisheye Lens and Regular Fisheye Lens via Equidistant Model},
  year = 2016,
  journal = {Journal of Sensors},
  volume = {2016},
  number = {  },
  pages = {11},
  FILE = {~/Documents/papers/sahin_2016.pdf},
  DOI = { http://dx.doi.org/10.1155/2016/9379203 }
}

@article{Pelletier2018,
  author = {Pelletier, J. and Paquette, A. and Mbindo, K. and Zimba, N. and Siampale, A. and Chendauka, B. and Siangulube, F. and Roberts, J. W.},
  title = {Carbon sink despite large deforestation in {African} tropical dry forests (miombo woodlands)},
  year = 2018,
  journal = {Environmental Research Letters},
  volume = {13},
  number = {9},
  pages = {094017},
  FILE = {~/Documents/papers/pelletier_2018.pdf},
  DOI = { https://doi.org/10.1088/1748-9326/aadc9a }
}

@article{Buisson2018,
  author = {Buisson, E. and le Stradic, S. and Silveira, F. A. O. and Durigan, G. and Overbeck, G. E. and Fidelis, A. and Fernandes, G. W. and Bond, W. J. and Hermann, J. and Mahy, G. and Alvarado, S. T. and Zaloumis, N. P. and Veldman, J. W.},
  title = {Resilience and restoration of tropical and subtropical grasslands, savannas, and grassy woodlands},
  year = 2018,
  journal = {Biological Reviews},
  volume = { },
  number = { },
  pages = {  },
  FILE = {~/Documents/papers/buisson_2018.pdf},
  DOI = { http://dx.doi.org/10.1111/brv.12470 }
}

@article{Torello-raventos2013,
  author = {Torello-Raventos, M. and Feldpausch, T. R. and Veenendaal, E. and Schrodt, F. and Saiz, G. and Domingues, T. F. and Djagbletey, G. and Ford, A. and Kemp, J. and Marimon, B. S. and Marimon Jr, B. H. and Lenza, E. and Ratter, J. A. and Maracahipes, L. and Sasaki, D. and Sonk{\'e}, B. and Zapfack, L. and Taedoumg, H. and Villarroel, D. and Schwarz, M. and Quesada, C. A. and Ishida, F. Y. and Nardoto, G. B. and Affum-Baffoe, K. and Arroyo, L. and Bowman, D. M. J. S. and Compaore, H. and Davies, K. and Diallo, A. and Fyllas, N. M. and Gilpin, M. and Hien, F. and Johnson, M. and Killeen, T. J. and Metcalfe, D. and Miranda, H. S. and Steininger, M. and Thomson, J. and Sykora, K. and Mougin, E. and Hiernaux, P. and Bird, M. I. and Grace, J. and Lewis, S. L. and Phillips, O. L. and Lloyd, J.},
  title = {On the delineation of tropical vegetation types with an emphasis on forest/savanna transitions},
  year = 2013,
  journal = {Plant Ecology \& Diversity},
  volume = {6},
  number = {1},
  pages = {101--137},
  FILE = {~/Documents/papers/torello-raventos_2013.pdf   },
  DOI = { http://dx.doi.org/10.1080/17550874.2012.762812}
}

@article{Wagner2018,
  author = {Wagner, F. H. and Ferreira, M. P. and Sanchez, A. and Hirye, M. C. M. and Zortea, M. and Gloor, E. and Phillips, O. L. and Filho, C. R. S. and Shimabukuro, Y. E. and Arag\~{a}o, L. E. O. C.},
  title = {Individual tree crown delineation in a highly diverse tropical forest using very high resolution satellite images},
  year = 2018,
  journal = {ISPRS Journal of Photogrammetry and Remote Sensing},
  volume = {},
  number = {},
  pages = {},
  FILE = {~/Documents/papers/wagner_2018.pdf},
  DOI = { http://dx.doi.org/10.1016/j.isprsjprs.2018.09.013 }
}

@article{Cooper2017,
  author = {Cooper, S. D. and Roy, D. P. and Schaaf, C. B. and Paynter, I.},
  title = {Examination of the Potential of Terrestrial Laser Scanning and Structure-from-Motion Photogrammetry for Rapid Nondestructive Field Measurement of Grass Biomass},
  year = 2017,
  journal = {Remote Sensing},
  volume = {9},
  number = {531},
  pages = {1--13},
  FILE = {~/Documents/papers/cooper_2017.pdf  },
  DOI = { http://dx.doi.org/10.3390/rs9060531 }
}

@article{Chase2018,
  author = {Chase, J. M. and McGill, B. J. and McGlinn, D. J. and May, F. and Blowes, S. A. and Xiao, X. and Knight, T. M. and Purschke, O. and Gotelli, N. J.},
  title = {Embracing scale-dependence to achieve a deeper understanding of biodiversity and its change across communities},
  year = 2018,
  journal = {Ecology Letters},
  volume = {21},
  number = {},
  pages = {1737--1751},
  FILE = {~/Documents/papers/chase_2018.pdf  },
  DOI = { http://dx.doi.org/10.1111/ele.13151 }
}

@article{Li2018,
  author = {Li, Y. and Su, Y. and Hu, T. and Xu, G. and Guo, Q.},
  title = {Retrieving 2-D Leaf Angle Distributions for Deciduous Trees From Terrestrial Laser Scanner Data},
  year = 2018,
  journal = {IEEE Transactions on Geoscience and Remote Sensing},
  volume = {56},
  number = {8},
  pages = {4945--4955},
  FILE = {~/Documents/papers/li_2018.pdf},
  DOI = { http://dx.doi.org/10.1109/TGRS.2018.2843382 }
}

@article{Jin2015,
  author = {Jin, S.},
  title = {A new approach to retrieve leaf normal distribution using terrestrial laser scanners},
  year = 2015,
  journal = {Journal of Forestry Research},
  volume = {27},
  number = {3},
  pages = {},
  FILE = {~/Documents/papers/jin_2018.pdf},
  DOI = { http://dx.doi.org/10.1007/s11676-015-0204-z }
}

@article{Pekin2009,
  author = {Pekin, B. and MacFarlane, C.},
  title = {Measurement of crown cover and leaf area index using digital cover photography and its application to remote sensing},
  year = 2009,
  journal = {Remote Sensing},
  volume = {1},
  number = {},
  pages = {1298--1320},
  FILE = {~/Documents/papers/pekin_2009.pdf},
  DOI = { http://dx.doi.org/10.3390/rs1041298 }
}

@article{Macfarlane2007,
  author = {Macfarlane, C. and Grigg, A. and Evangelista, C.},
  title = {Estimating forest leaf area using cover and fullframe fisheye photography: Thinking inside the circle},
  year = 2007,
  journal = {Agricultural and Forest Meteorology},
  volume = {146},
  number = {},
  pages = {1--12},
  FILE = {~/Documents/papers/macfarlane_2007.pdf},
  DOI = { http://dx.doi.org/10.1016/j.agrformet.2007.05.001 }
}

@article{Ali2019b,
  author = {Ali, A. and Lin, S. and He, J. and Kong, F. and Yu, J. and Jiang, H.},
  title = {Climate and soils determine aboveground biomass indirectly via species diversity and stand structural complexity in tropical forests},
  year = 2019,
  journal = {Forest Ecology and Management},
  volume = {432},
  number = {},
  pages = {823--831},
  FILE = {~/Documents/papers/ali_2019.pdf},
  DOI = { http://dx.doi.org/10.1016/j.foreco.2018.10.024 }
}

@article{Zande2006a,
  author = {Zande, D. and Hoet, W. and Jonckheere, I. and Aardt, J. and Coppin, P.},
  title = {Influence of measurement set-up of ground-based LiDAR for derivation of tree structure},
  year = 2006,
  journal = {Agricultural and Forest Meteorology},
  volume = {141},
  number = {},
  pages = {147--160},
  FILE = {~/Documents/papers/zande_2006.pdf},
  DOI = { http://dx.doi.org/10.1016/j.agrformet.2006.09.007 }
}

@article{Adair2018,
  author = {Adair, E. C. and Hooper, D. U. and Paquette, A. and Hungate, B. A.},
  title = {Ecosystem context illuminates conflicting roles of plant diversity in carbon storage},
  year = 2018,
  journal = {Ecology Letters},
  volume = {21},
  number = {},
  pages = {1604--1619},
  FILE = {~/Documents/papers/adair_2018.pdf},
  DOI = { http://dx.doi.org/10.1111/ele.13145 }
}

@article{Kreyling2018,
  author = {Kreyling, J. and Schweiger, A. H. and Bahn, M. and Ineson, P. and Migliavacca, M. and Morel-Journel, T. and Christiansen, J. R. and Schtickzelle, N. and Larse, K. S.},
  title = {To replicate, or not to replicate - that is the question: how to tackle nonlinear responses in ecological experiments},
  year = 2018,
  journal = {Ecology Letters},
  volume = {21},
  number = {},
  pages = {1629--1638},
  FILE = {~/Documents/papers/kreyling_2018.pdf},
  DOI = { http://dx.doi.org/10.1111/ele.13134 }
}

@article{Pedro2017,
  author = {Pedro, M. S. and Rammer, W. and Seidl, R.},
  title = {Disentangling the effects of compositional and structural diversity on forest productivity},
  year = 2017,
  journal = {Journal of Vegetation Science},
  volume = {28},
  number = {},
  pages = {649--658},
  FILE = {~/Documents/papers/pedro_2017.pdf},
  DOI = { http://dx.doi.org/10.1111/jvs.12505 }
}

@article{Radtke2001,
  author = {Radtke, P. J. and Bolstad, P. V.},
  title = {Laser point-quadrat sampling for estimating foliage-height profiles in broad-leaved forests},
  year = 2001,
  journal = {Canadian Journal of Forest Research},
  volume = {31},
  number = {},
  pages = {410--418},
  FILE = {~/Documents/papers/radtke_2001.pdf},
  DOI = { http://dx.doi.org/10.1139/cfjr-31-3-410 }
}

@article{Woodgate2016,
  author = {Woodgate, W. and Armston, J. D. and Disney, M. and Jones, S. D. and Suarez, L. and Hill, M. J. and Wilkes, P. and Soto-Berelov, M.},
  title = {Quantifying the impact of woody material on leaf area index estimations from hemispherical photography using 3D canopy simulations},
  year = 2016,
  journal = {Agricultural and Forest Meteorology},
  volume = {226--227},
  number = {},
  pages = {1--12},
  FILE = {~/Documents/papers/woodgate_2016.pdf},
  DOI = { http://dx.doi.org/10.1016/j.agrformet.2016.05.009 }
}

@article{Sankaran2010,
  author = {Sankaran, S. and Mishra, A. and Ehsani, R. and Davis, C.},
  title = {A review of advanced techniques for detecting plant diseases},
  year = 2010,
  journal = {Computers and Electronics in Agriculture},
  volume = {72},
  number = {},
  pages = {1--13},
  FILE = {~/Documents/papers/sankaran_2010.pdf},
  DOI = { http://dx.doi.org/10.1016/j.compag.2010.02.007 }
}

@article{Xie2018,
  author = {Xie, H. and Wang, G. and Yu, M.},
  title = {Ecosystem multifunctionality is highly related to the shelterbelt structure and plant species diversity in mixed shelterbelts of eastern China},
  year = 2018,
  journal = {Global Ecology and Conservation},
  volume = {},
  number = {},
  pages = {},
  FILE = {~/Documents/papers/xie_2018.pdf},
  DOI = { http://dx.doi.org/10.1016/j.gecco.2018.e00470 }
}

@article{Tomlinson2012,
  author = {Tomlinson, K. W. and Sterck, F. J. and Bongers, F. and Silva, D. A. and Barbosa E. R. M. and Ward, D. and Bakker, F. T. and Kaauwen, M. and Prins, H. H. T. and Bie, S. and Langevelde, F.},
  title = {Biomass partitioning and root morphology of savanna trees across a water gradient},
  year = 2012,
  journal = {Journal of Ecology},
  volume = {100},
  number = {},
  pages = {1113--1121},
  FILE = {~/Documents/papers/tomlinson_2012.pdf},
  DOI = { http://dx.doi.org/10.1111/j.1365-2745.2012.01975.x }
}

@article{Goncalves2017,
  author = {Gon\c{c}alves, F. M. P. and Revermann, R. and Gomes, A. L. and Aidar, M. P. M. and Finckh, M. and Juergens, N.},
  title = {Tree species diversity and composition of Miombo woodlands in South-Central Angola: a chronosequence of forest recovery after shifting cultivation},
  year = 2017,
  journal = {International Journal of Forestry Research},
  volume = {2017},
  number = {},
  pages = {1--13},
  FILE = {~/Documents/papers/goncalves_2017.pdf},
  DOI = { http://dx.doi.org/10.1155/2017/6202093 }
}

@article{Fick2017,
  author = {Fick, S. E. and Hijmans, R. J.},
  title = {WorldClim 2: new 1‐km spatial resolution climate surfaces for global land areas},
  year = 2017,
  journal = {International Journal of Climatology},
  volume = {37},
  number = {12},
  pages = {4302--4315},
  FILE = {~/Documents/papers/fick_2017.pdf},
  DOI = { http://dx.doi.org/10.1002/joc.5086 }
}

@book{campbell1996,
  editor = {Campbell, B. M.},
  title = {The miombo in transition: woodlands and welfare in {Africa}},
  year = 1996,
  publisher = {Centre for International Forestry Research},
  address = {Bogor, Indonesia},
  FILE = {~/Documents/papers/campbell_1996.pdf}
}

@article{Leith1988,
  author = {Leith, I. D. and Fowler D.},
  title = {Urban distribution of \textit{Rhytisma acerinum} (Pers.) Fries (tar spot) on sycamore},
  year = 1988,
  journal = {New Phytologist},
  volume = {108},
  number = {},
  pages = {175--181},
  FILE = {~/Documents/papers/leith_1988.pdf},
  DOI = { http://dx.doi.org/10.1111/j.1469-8137.1988.tb03694.x  }
}

@article{Gerlach2002,
  author = {Gerlach, R. W. and Dobb, D. E. and Raab, G. A. and Nocerino, J. M.},
  title = {Gy sampling theory in environmental studies. 1. Assessing soil splitting protocols},
  year = 2002,
  journal = {Journal of Chemometrics},
  volume = {16},
  number = {},
  pages = {321--328},
  FILE = {~/Documents/papers/gerlach_2002.pdf},
  DOI = { http://dx.doi.org/10.1002/cem.705 }
}

@article{Dorgeloh2002,
  author = {D\:{o}rgeloh, W. G.},
  title = {Calibrating a disc pasture meter to estimate above-ground standing biomass in Mixed Bushveld, {South Africa}},
  year = 2002,
  journal = {African Journal of Ecology},
  volume = {40},
  number = {},
  pages = {100--102},
  FILE = {~/Documents/papers/dorgeloh_2002.pdf},
  DOI = { http://dx.doi.org/10.1046/j.0141-6707.2001.00338.x }
}

@article{White1987,
  author = {Hopkins, B. and White, F.},
  title = {Vegetation Map of {Africa}. The Vegetation of {Africa}: A Descriptive Memoir to Accompany the {UNESCO/AETFAT/UNSO} Vegetation map of {Africa.}},
  year = 1987,
  journal = {The Journal of Ecology},
  volume = {75},
  number = {4},
  pages = {},
  FILE = {~/Documents/papers/white_1987.pdf},
  DOI = { http://dx.doi.org/10.2307/2260340 }
}

@article{Badnakhe2012,
  author = {Badnakhe, M. R. and Deshmukh, P. R.},
  title = {Infected leaf analysis and comparison by Otsu threshold and k-means clustering},
  year = 2012,
  journal = {International Journal of Advanced Research in Computer Science and Software Engineering},
  volume = {2},
  number = {3},
  pages = {449--452},
  FILE = {~/Documents/papers/badnakhe_2012.pdf},
  DOI = {}
}

@article{Wijekoon2008,
  author = {Wijekoon, C. P. and Goodwin, P. H. and Hsiang, T.},
  title = {Quantifying fungal infection of plant leaves by digital image analysis using Scion Image software},
  year = 2008,
  journal = {Journal of Microbiological Methods},
  volume = {74},
  number = {},
  pages = {94--101},
  FILE = {~/Documents/papers/wijekoon_2008.pdf},
  DOI = { http://dx.doi.org/10.1016/j.mimet.2008.03.008 }
}

@article{Cordonnier2018,
  author = {Cordonnier, T. and Bourdier, T. and Kunstler, G. and Piedallu, C. and Courbaud, B.},
  title = {Covariation between tree size and shade tolerance modulates mixed-forest productivity},
  year = 2018,
  journal = {Annals of Forest Science},
  volume = {75},
  number = {101},
  pages = {1-15},
  FILE = {~/Documents/papers/cordonnier_2018.pdf},
  DOI = { http://dx.doi.org/10.1007/s13595-018-0779-6 }
}

@article{Sankaran2005,
  author = {Sankaran, M.  and Hanan, N. P. and Scholes, R. J. and Ratnam, J. and Augustine, D. J. and Cade, B. S. and Gignoux, J. and Higgins, S. I. and {Le Roux}, X. and Ludwig, F. and Ardo, J. and Banyikwa, F. and Bronn, A. and Bucini, G. and Caylor, K. K. and Coughenour, M. B. and Diouf, A. and Ekaya, W. and Feral, C. J. and February, E. C. and Frost, P. G. H. and Hiernaux, P. and Hrabar, H. and Metzger, K. L. and Prins, H. H. T. and Ringrose, S. and Sea, W. and Tews, J. and Worden, J. and Zambatis, N.},
  title = {Determinants of woody cover in {African} savannas},
  year = 2005,
  journal = {Nature},
  volume = {438},
  number = {8},
  pages = {846--849},
  FILE = {~/Documents/papers/sankaran_2005.pdf},
  DOI = { http://dx.doi.org/10.1038/nature04070 }
}

@article{Pausas2018,
  author = {Pausas, J. G. and Bond, W. J.},
  title = {Humboldt and the reinvention of nature},
  year = 2018,
  journal = {Journal of Ecology},
  volume = {},
  number = {},
  pages = {1--20},
  FILE = {~/Documents/papers/pausas_2018.pdf},
  DOI = { http://dx.doi.org/10.1111/1365-2745.13109 }
}

@article{Kannala2006,
  author = {Kannala, J. and Brandt, S. S.},
  title = {A generic camera model and calibration method for conventional, wide-angle, and fish-eye lenses},
  year = 2006,
  journal = {IEEE Transactions on Pattern Analysis and Machine Intelligence},
  volume = {28},
  number = {8},
  pages = {1335--1340},
  FILE = {~/Documents/papers/kannala_2006.pdf},
  DOI = { http://dx.doi.org/10.1109/TPAMI.2006.153 }
}

@article{Zhang2015,
  author = {Zhang, Y. and Chen, H. Y. H.},
  title = {Individual size inequality links forest diversity and above-ground biomass},
  year = 2015,
  journal = {Journal of Ecology},
  volume = {103},
  number = {},
  pages = {1245--1252},
  FILE = {~/Documents/papers/zhang_2015.pdf},
  DOI = { http://dx.doi.org/10.1111/1365-2745.12425 }
}

@article{Levis2017,
  author = {Levis, C. and Costa, F. R. C. and Bongers, F. and Pe{\~n}a-Claros, M. and Clement, C. R. and Junqueira, A. B. and Neves, E. G. and Tamanaha, E. K. and Figueiredo, F. O. G. and Salom{\~a}o, R. P. and Castilho, C. V. and Magnusson, W. E. and Phillips, O. L. and Guevara, J. E. and Sabatier, D. and Molino, J.-F. and L{\'o}pez, D. C{\'a}rdenas and Mendoza, A. M. and Pitman, N. C. A. and Duque, A. and Vargas, P. N{\'u}{\~n}ez and Zartman, C. E. and Vasquez, R. and Andrade, A. and Camargo, J. L. and Feldpausch, T. R. and Laurance, S. G. W. and Laurance, W. F. and Killeen, T. J. and Nascimento, H. E. Mendon{\c c}a and Montero, J. C. and Mostacedo, B. and Amaral, I. L. and Guimar{\~a}es Vieira, I. C. and Brienen, R. and Castellanos, H. and Terborgh, J. and Carim, M. de Jesus Veiga and Guimar{\~a}es, J. R. da Silva and Coelho, L. de Souza and Matos, F. D. de Almeida and Wittmann, F. and Mogoll{\'o}n, H. F. and Damasco, G. and D{\'a}vila, N. and Garc{\'i}a-Villacorta, R. and Coronado, E. N. H. and Emilio, T. and Filho, D. de Andrade Lima and Schietti, J. and Souza, P. and Targhetta, N. and Comiskey, J. A. and Marimon, B. S. and Marimon, B.-H. and Neill, D. and Alonso, A. and Arroyo, L. and Carvalho, F. A. and de Souza, F. C. and Dallmeier, F. and Pansonato, M. P. and Duivenvoorden, J. F. and Fine, P. V. A. and Stevenson, P. R. and Araujo-Murakami, A. and Aymard C., G. A. and Baraloto, C. and do Amaral, D. D. and Engel, J. and Henkel, T. W. and Maas, P. and Petronelli, P. and Revilla, J. D. Cardenas and Stropp, J. and Daly, D. and Gribel, R. and Paredes, M. R{\'i}os and Silveira, M. and Thomas-Caesar, R. and Baker, T. R. and da Silva, N. F. and Ferreira, L. V. and Peres, C. A. and Silman, M. R. and Cer{\'o}n, C. and Valverde, F. C. and Di Fiore, A. and Jimenez, E. M. and Mora, M. C. Pe{\~n}uela and Toledo, M. and Barbosa, E. M. and Bonates, L. C. de Matos and Arboleda, N. C. and Farias, E. de Sousa and Fuentes, A. and Guillaumet, J.-L. and J{\o}rgensen, P. M{\o}ller and Malhi, Y. and de Andrade Miranda, I. P. and Phillips, J. F. and Prieto, A. and Rudas, A. and Ruschel, A. R. and Silva, N. and von Hildebrand, P. and Vos, V. A. and Zent, E. L. and Zent, S. and Cintra, B. B. L. and Nascimento, M. T. and Oliveira, A. A. and Ramirez-Angulo, H. and Ramos, J. F. and Rivas, G. and Sch{\"o}ngart, J. and Sierra, R. and Tirado, M. and van der Heijden, G. and Torre, E. V. and Wang, O. and Young, K. R. and Baider, C. and Cano, A. and Farfan-Rios, W. and Ferreira, C. and Hoffman, B. and Mendoza, C. and Mesones, I. and Torres-Lezama, A. and Medina, M. N. U. and van Andel, T. R. and Villarroel, D. and Zagt, R. and Alexiades, M. N. and Balslev, H. and Garcia-Cabrera, K. and Gonzales, T. and Hernandez, L. and Huamantupa-Chuquimaco, I. and Manzatto, A. G. and Milliken, W. and Cuenca, W. P. and Pansini, S. and Pauletto, D. and Arevalo, F. R. and Reis, N. F. Costa and Sampaio, A. F. and Giraldo, L. E. Urrego and Sandoval, E. H. V. and Gamarra, L. V. and Vela, C. and {ter Steege}, H.},
  title = {Persistent effects of pre-Columbian plant domestication on Amazonian forest composition},
  year = 2017,
  journal = {Science},
  volume = {355},
  number = {},
  pages = {925--931},
  FILE = {~/Documents/papers/levis_2017.pdf},
  DOI = { http://dx.doi.org/10.1126/science.aal0157 }
}

@article{Ali2016,
  author = {Ali, A. and Yan, E. and Chen, H. and Chang, S. X. and Zhao, Y. and Yang, X. and Xu, M.},
  title = {Stand structural diversity rather than species diversity enhances aboveground carbon storage in secondary subtropical forests in Eastern China},
  year = 2016,
  journal = {Biogeosciences},
  volume = {13},
  number = {},
  pages = {4627--4635},
  FILE = {~/Documents/papers/ali_2016.pdf},
  DOI = { http://dx.doi.org/10.5194/bg-13-4627-2016 }
}

@article{Arino2010,
  author = {Arino, O. and Perez, J. R. and Kalogirou, V. and Defourny, P. and Achard, F.},
  title = {Globcover 2009},
  year = 2010,
  journal = {ESA Living Planet Symposium},
  volume = {},
  number = {},
  pages = {1--3},
  FILE = {~/Documents/papers/arino_2010.pdf}
}

@incollection{Mayaux2008,
  author = {Mayaux, P. and Eva, H. and Brink, A. and Achard, F. and Belward, A.},
  title = {Remote sensing of land-cover and land-use dynamics},
  booktitle = {Earth Observation of Global Change: The Role of Satellite Remote Sensing in Monitoring the Global Environment},
  year = 2008,
  pages = {85--108},
  publisher = {Springer-Verlag},
  address = {Berlin, Germany},
  FILE = {~/Documents/papers/mayaux_2008.pdf},
  DOI = { http://dx.doi.org/10.1007/978-1-4020-6358-9_5 }
}

@article{Ryan2016,
  author = {Ryan, C. M. and Pritchard, R. and McNicol, I. and Owen, M. and Fisher, J. A. and Lehmann, C.},
  title = {Ecosystem services from southern {African} woodlands and their future under global change},
  year = 2016,
  journal = {Philosophical Transactions of the Royal Society B: Biological Sciences},
  volume = {371},
  number = {1703},
  pages = {1--16},
  FILE = {~/Documents/papers/ryan_2016.pdf},
  DOI = { http://dx.doi.org/10.1098/rstb.2015.0312 }
}

@article{Midgley2011,
  author = {Midgley, G. F. and Thuiller, W.},
  title = {Potential responses of terrestrial biodiversity in southern {Africa} to anthropogenic climate change},
  year = 2011,
  journal = {Regional Environmental Change},
  volume = {11},
  number = {},
  pages = {127-135},
  FILE = {~/Documents/papers/midgley_2011.pdf},
  DOI = { http://dx.doi.org/10.1007/s10113-010-0191-8 }
}

@article{Giannecchini2007,
  author = {Giannecchini, M. and Twine, W. and Vogel, C.},
  title = {Land-cover change and human-environment interations in a rural cultural landscape in {South Africa}},
  year = 2007,
  journal = {The Geographical Journal},
  volume = {173},
  number = {1},
  pages = {26--42},
  FILE = {~/Documents/papers/giannecchini_2007.pdf},
  DOI = { http://dx.doi.org/10.1111/j.1475-4959.2007.00227.x }
}

@article{Jew2016,
  author = {Jew, E. K. K. and Dougill, A. J. . and Sallu, S. M. and O'Connell, J. and Benton, T. G.},
  title = {Miombo woodland under threat: Consequences for tree diversity and carbon storage},
  year = 2016,
  journal = {Forest Ecology and Management},
  volume = {361},
  number = {February},
  pages = {144--153},
  FILE = {~/Documents/papers/jew_2016.pdf},
  DOI = { http://dx.doi.org/10.1016/j.foreco.2015.11.011 }
}

@article{Kalema2015,
  author = {Kalema, V. N. and Witkowski, E. T. F. and Erasmus, B. F. N. and Mwavu, E. N.},
  title = {The impacts of changes in land use on woodlands in an equatorial {African} savanna},
  year = 2015,
  journal = {Land Degradation and Development},
  volume = {26},
  number = {7},
  pages = {632--641},
  FILE = {~/Documents/papers/kalema_2015.pdf},
  DOI = { http://dx.doi.org/10.1002/ldr.2279 }
}

@article{Mitchard2013,
  author = {Mitchard, E. T. A. and Flintrop, C. M.},
  title = {Woody encroachment and forest degradation in sub-saharan {Africa's} woodlands and savannas 1982-2006},
  year = 2013,
  journal = {Philosophical Transactions of the Royal Society B: Biological Sciences},
  volume = {368},
  number = {1625},
  pages = {20120406--20120406},
  FILE = {~/Documents/papers/mitchard_2014.pdf},
  DOI = { http://dx.doi.org/10.1098/rstb.2012.0406 }
}

@article{Stevens2017,
  author = {Stevens, N. and Lehmann, C. E. R. and Murphy, B. P. and Durigan, G.},
  title = {Savanna woody encroachment is widespread across three continents},
  year = 2017,
  journal = {Global Change Biology},
  volume = {26},
  number = {7},
  pages = {632--641},
  FILE = {~/Documents/papers/stevens_2017.pdf},
  DOI = { http://dx.doi.org/10.1111/gcb.13409 }
}

@article{Fauset2012,
  author = {Fauset, S. and Baker, T. R. and Lewis, S. L. and Feldpausch, T. R. and Affum-Baffoe, K. and Foli, E. G. and Hamer, K. C. and Swaine, M. D.},
  title = {Drought-induced shifts in the floristic and functional composition of tropical forests in Ghana},
  year = 2012,
  journal = {Ecology Letters},
  volume = {15},
  number = {10},
  pages = {1120--1129},
  FILE = {~/Documents/papers/fauset_2012.pdf},
  DOI = { http://dx.doi.org/10.1111/j.1461-0248.2012.01834.x }
}

@article{Liang2016,
  author = {Liang, J. and Crowther, T. W. and Picard, N. and Wiser, S. and Zhou, M. and Alberti, G. and Schulze, E.-D. and McGuire, A. D. and Bozzato, F. and Pretzsch, H. and De-Miguel, S. and Paquette, A. and Herault, B. and Scherer-Lorenzen, M. and Barrett, C. B. and Glick, H. B. and Hengeveld, G. M. and Nabuurs, G.-J. and Pfautsch, S. and Viana, H. and Vibrans, A. C. and Ammer, C. and Schall, P. and Verbyla, D. and Tchebakova, N. and Fischer, M. and Watson, J. V. and Chen, H. Y. H. and Lei, X. and Schelhaas, M.-J. and Lu, H. and Gianelle, D. and Parfenova, E. I. and Salas, C. and Lee, E. and Lee, B. and Kim, H. S. and Bruelheide, H. and Coomes, D. A. and Piotto, D. and Sunderland, T. and Schmid, B. and Gourlet-Fleury, S. and Sonke, B. and Tavani, R. and Zhu, J. and Brandl, S. and Vayreda, J. and Kitahara, F. and Searle, E. B. and Neldner, V. J. and Ngugi, M. R. and Baraloto, C. and Frizzera, L. and Ba azy, R. and Oleksyn, J. and Zawi a-Nied wiecki, T. and Bouriaud, O. and Bussotti, F. and Finer, L. and Jaroszewicz, B. and Jucker, T. and Valladares, F. and Jagodzinski, A. M. and Peri, P. L. and Gonmadje, C. and Marthy, W. and OBrien, T. and Martin, E. H. and Marshall, A. R. and Rovero, F. and Bitariho, R. and Niklaus, P. A. and Alvarez-Loayza, P. and Chamuya, N. and Valencia, R. and Mortier, F. and Wortel, V. and Engone-Obiang, N. L. and Ferreira, L. V. and Odeke, D. E. and Vasquez, R. M. and Lewis, S. L. and Reich, P. B.},
  title = {Positive biodiversity-productivity relationship predominant in global forests},
  year = 2016,
  journal = {Science},
  volume = {354},
  number = {6309},
  pages = {aaf8957-aaf8957},
  FILE = {~/Documents/papers/liang_2016.pdf},
  DOI = { http://dx.doi.org/10.1126/science.aaf8957 }
}

@article{Vila2005,
  author = {Vil\`{a}, M. and Inchausti, P. and Vayreda, J. and Barrantes, O. and Gracia, C. and Ib\`{a}\~{n}ez, J. J. and Mata, T.},
  title = {Confounding Factors in the Observational Productivity-Diversity Relationship in Forests},
  year = 2005,
  journal = {Ecological Studies},
  volume = {176},
  number = {},
  pages = {65--86},
  FILE = {~/Documents/papers/vila_2005.pdf},
  DOI = { http://dx.doi.org/ }
}

@article{Lamanna2014,
  author = {Lamanna, C. and Blonder, B. and Violle, C. and Kraft, N. J. B. and Sandel, B. and Simova, I. and Donoghue, J. C. and Svenning, J. and McGill, B. J. and Boyle, B. and Buzzard, V. and Dolins, S. and Jorgensen, P. M. and Marcuse-Kubitza, A. and Morueta-Holme, N. and Peet, R. K. and Piel, W. H. and Regetz, J. and Schildhauer, M. and Spencer, N. and Thiers, B. and Wiser, S. K. and Enquist, B. J.},
  title = {Functional trait space and the latitudinal diversity gradient},
  year = 2014,
  journal = {Proceedings of the National Academy of Sciences},
  volume = {111},
  number = {38},
  pages = {13745--13750},
  FILE = {~/Documents/papers/lamanna_2014.pdf},
  DOI = { http://dx.doi.org/10.1073/pnas.1317722111 }
}

@book{Solbrig1996,
  author = {Solbrig, O. T. and Medina, E. and Silva, J. F.},
  title = {Biodiversity and Savanna Ecosystem Processes},
  year = 1996,
  publisher = {Springer-Verlag},
  address = {Berlin, Germany}
}

@misc{seosaw_web,
  author = {SEOSAW},
  title = {{SEOSAW: A Socio-Ecological Observatory for Southern African Woodlands}},
  year = 2019,
  url = "https://seosaw.github.io",
  note = "[Online; 15-January-2019]"
}

@article{Chave2014,
author = {Chave, J. and R{\'{e}}jou-M{\'{e}}chain, M. and B{\'{u}}rquez, A. and Chidumayo, E. and Colgan, M. S. and Delitti, W. B. C. and Duque, A. and Eid, T. and Fearnside, P. M. and Goodman, R. C. and Henry, M. and Mart{\'{i}}nez-Yr{\'{i}}zar, A. and Mugasha, W. A. and Muller-Landau, H. C. and Mencuccini, M. and Nelson, B. W. and Ngomanda, A. and Nogueira, E. M. and Ortiz-Malavassi, E. and P{\'{e}}lissier, R. and Ploton, P. and Ryan, C. M. and Saldarriaga, J. G. and Vieilledent, G.},
  title = {Improved allometric models to estimate the aboveground biomass of tropical trees},
  year = 2014,
  journal = {Global Change Biology},
  volume = {20},
  number = {10},
  pages = {3177--3190},
  FILE = {~/Documents/papers/chave_2014.pdf},
  DOI = { http://dx.doi.org/10.1111/gcb.12629 }
}

@article{Grau2017,
  author = {Grau, E. and Durrieu, S. and Fournier, R. and Gastellu-Etchegorry, J. P. and Yin, T.},
  title = {Estimation of 3D vegetation density with terrestrial laser scanning data using voxels. A sensitivity analysis of influencing parameters},
  year = 2017,
  journal = {Remote Sensing of Environment},
  volume = {191},
  number = {},
  pages = {373--388},
  FILE = {~/Documents/papers/grau_2017.pdf},
  DOI = { http://dx.doi.org/10.1016/j.rse.2017.01.032 }
}

@article{Tilman2014,
  author = {Tilman, D. and Isbell, F. and Cowles, J. M.},
  title = {Biodiversity and Ecosystem Functioning},
  year = 2014,
  journal = {Annual Review of Ecology, Evolution, and Systematics},
  volume = {45},
  number = {},
  pages = {471-493},
  FILE = {~/Documents/papers/tilman_2014.pdf},
  DOI = { http://dx.doi.org/10.1146/annurev-ecolsys-120213-091917 }
}

@article{Cadotte2011,
  author = {Cadotte, M. W. and Carcadden, K. and Mirotchnick, N.},
  title = {Beyond species: functional diversity and the maintenance of ecological processes and services},
  year = 2011,
  journal = {Journal of Applied Ecology},
  volume = {48},
  number = {},
  pages = {1079--1086},
  FILE = {~/Documents/papers/cadotte_2011.pdf},
  DOI = { http://dx.doi.org/10.1111/j.1365-2664.2011.02048.x }
}

@article{Ratcliffe2017,
author = {Ratcliffe, S. and Wirth, C. and Jucker, T. and {van der Plas}, F. and Scherer-Lorenzen, M. and Verheyen, K. and Allan, E. and Benavides, R. and Bruelheide, H. and Ohse, B. and Paquette, A. and Ampoorter, E. and Bastias, C. C. and Bauhus, J. and Bonal, D. and Bouriaud, O. and Bussotti, F. and Carnol, M. and Castagneyrol, B. and Che{\'{c}}ko, E. and Dawud, S. M. and {de Wandeler}, H. and Domisch, T. and Fin{\'{e}}r, L. and Fischer, M. and Fotelli, M. and Gessler, A. and Granier, A. and Grossiord, C. and Guyot, V. and Haase, J. and H{\"{a}}ttenschwiler, S. and Jactel, H. and Jaroszewicz, B. and Joly, F. and Kambach, S. and Kolb, S. and Koricheva, J. and Liebersgesell, M. and Milligan, H. and M{\"u}ller, S. and Muys, B. and Nguyen, D. and Nock, C. and Pollastrini, M. and Purschke, O. and Radoglou, K. and Raulund-Rasmussen, K. and Roger, F. and Ruiz-Benito, P. and Seidl, R. and Selvi, F. and Seiferling, I. and Stenlid, J. and Valladares, F. and Vesterdal, L. and Baeten, L.},
  title = {Biodiversity and ecosystem functioning relations in {European} forests depend on environmental context},
  year = 2017,
  journal = {Ecology Letters},
  volume = {20},
  number = {},
  pages = {1414--1426},
  FILE = {~/Documents/papers/ratcliffe_2017.pdf},
  DOI = { http://dx.doi.org/10.1111/ele.12849 }
}

@article{Baert2018,
  author = {Baert, J. M. and Eisenhauer, N. and Janssen, C. R. and {de Laender}, F.},
  title = {Biodiversity effects on ecosystem functioning respond unimodally to environmental stress},
  year = 2018,
  journal = {Ecology Letters},
  volume = {},
  number = {},
  pages = {},
  FILE = {~/Documents/papers/baert_2018.pdf},
  DOI = { http://dx.doi.org/10.1111/ele.13088 }
}

@article{Lehmann2014,
  author = {Lehmann, C. E. R. and Anderson, T. M. and Sankaran, M. and Higgins, S. I. and Archibald, S. and Hoffmann, W. A. and Hanan, N. P. and Williams, R. J. and Fenshamm R. J. and Felfili, J. and Hutley, L. B. and Ratnam, J. and Jose, J. S. and Montes, R. and Franklin, D. and Russell-Smith, J. and Ryan, C. M. and Durigan, G. and Hiernaux, P. and Haidar, R. and Bowman, D. M. J. S. and Bond, W. J.},
  title = {Savanna vegetation-fire-climate relationships differ among continents},
  year = 2014,
  journal = {Science},
  volume = {343},
  number = {},
  pages = {548--552},
  FILE = {~/Documents/papers/lehmann_2014.pdf},
  DOI = { http://dx.doi.org/10.1126/science.1247355 }
}

@article{Lewis2000,
  author = {Lewis, S. L. and Tanner, E. V. J.},
  title = {Effects of above- and belowground competition on growth and survival of rain forest tree seedlings},
  year = 2000,
  journal = {Ecology},
  volume = {81},
  number = {9},
  pages = {2525--2538},
  FILE = {~/Documents/papers/lewis_2000.pdf},
  DOI = { http://dx.doi.org/10.1890/0012-9658(2000)081[2525:EOAABC]2.0.CO;2 }
}

@article{Nieto-quintano2018,
  author = {Nieto-Quintano, P. and Mitchard, E. T. A. and Odende, R. and Mouwembe, M. A. B. and Rayden, T. and Ryan, C. M.},
  title = {The mesic savannas of th Bateke Plateau: carbon stocks and floristic composition},
  year = 2018,
  journal = {Biotropica},
  volume = {50},
  number = {6},
  pages = {868--880},
  FILE = {~/Documents/papers/nieto-quintano_2018.pdf},
  DOI = { http://dx.doi.org/10.1111/btp.12606 }
}


@article{Hardy1985,
  author = {Hardy, M. B. and Mentis, M. T.},
  title = {The relative efficiency of three methods of estimating herbage mass in veld},
  year = 1985,
  journal = {Journal of the Grassland Society of Southern Africa},
  volume = {2},
  number = {1},
  pages = {35--38},
  FILE = {~/Documents/papers/hardy_1985.pdf},
  DOI = { http://dx.doi.org/10.1080/02566702.1985.9647996 }
}

@article{Zambatis2006,
  author = {Zambatis, N. and Zacharias, P. J. K. and Morris, C. and Derry, J. F.},
  title = {Re-evaluation of the disc pasture meter calibration for the {Kruger National Park, South Africa}},
  year = 2006,
  journal = {African Journal of Range \& Forage Science},
  volume = {23},
  number = {2},
  pages = {1--12},
  FILE = {~/Documents/papers/zambatis_2006.pdf},
  DOI = { http://dx.doi.org/10.2989/10220110609485891 }
}

@incollection{Timberlake2010,
  author = {Timberlake, J. and Chidumayo, E. and Sawadogo, L.},
  title = {Distribution and characteristics of {African} dry forests and woodlands},
  booktitle = {The Dry Forests and Woodlands of Africa: Managing for Products and Services},
  year = 2010,
  pages = {11--42},
  publisher = {EarthScan},
  address = {London, United Kingdom},
  FILE = {~/Documents/papers/chidumayo_2010.pdf},
  DOI = { http://dx.doi.org/ }
}


@article{Cushman2019,
  author = {Cushman, K. C. and Kellner, J. R.},
  title = {Prediction of forest aboveground net primary production from high-resolution vertical leaf-area profiles},
  year = 2019,
  journal = {Ecology Letters},
  volume = {},
  number = {},
  pages = {1--9},
  FILE = {~/Documents/papers/cushman_2019.pdf},
  DOI = { http://dx.doi.org/10.1111/ele.13214 }
}


@article{Trolloppe1986,
  author = {Trolloppe, W. S. W. and Potgieter, A. L. F.},
  title = {Estimating grass fuel loads with a disc pasture meter in the Kruger National Park},
  year = 1986,
  journal = {Journal of the Grassland Society of Southern Africa},
  volume = {3},
  number = {4},
  pages = {148--152},
  FILE = {~/Documents/papers/trolloppe_1986.pdf},
  DOI = { http://dx.doi.org/10.1080/02566702.1986.9648053 }
}

@article{Seidel2013,
  author = {Seidel, D. and Leuschner, C. and Scherber, C. and Beyer, F. and Wommelsdorf, T. and Cashman, M. J. and Fehrmann, L.},
  title = {The relationship between tree species richness, canopy space exploratio nand productivity in a temperate broad-leaf mixed forest},
  year = 2013,
  journal = {Forest Ecology and Management},
  volume = {310},
  number = {},
  pages = {366--374},
  FILE = {~/Documents/papers/seidel_2013.pdf},
  DOI = { http://dx.doi.org/10.1016/j.foreco.2013.08.058 }
}

@article{Zande2006b,
  author = {{Van der Zande}, D. and Hoet, W. and Jonckheere, I. and {van Aardt}, J. and Coppin, P.},
  title = {Influence of measurement set-up of ground-based LiDAR for derivation of tree structure},
  year = 2006,
  journal = {Agricultural and Forest Meteorology},
  volume = {141},
  number = {},
  pages = {147--160},
  FILE = {~/Documents/papers/zande_2006.pdf},
  DOI = { http://dx.doi.org/j.agrformet.2006.09.007 }
}

@article{Rayburn1998,
  author = {Rayburn, E. B. and Rayburn, S. B.},
  title = {A standardized plate meter for estimating pasture mass in on0farm research trials},
  year = 1998,
  journal = {Agronomy Journal},
  volume = {90},
  number = {March--April},
  pages = {238--241},
  FILE = {~/Documents/papers/rayburn_1998.pdf},
  DOI = { http://dx.doi.org/ }
}

@article{Nickerson2000,
  author = {Nickerson, R. S.},
  title = {Null hypothesis significance testing: a review of an old and continuing controversy},
  year = 2000,
  journal = {Psychological Methods},
  volume = {5},
  number = {2},
  pages = {241--301},
  FILE = {~/Documents/papers/nickerson_2000.pdf},
  DOI = { http://dx.doi.org/10.1037/1082-989X.5.2.241 }
}

@article{Barbedo2016,
  author = {Barbedo, J. G. A. and Koenigkan, L. V.},
  title = {Identifying multiple plant diseases using digital image processing},
  year = 2016,
  journal = {Biosystems Engineering},
  volume = {147},
  number = {},
  pages = {104--116},
  FILE = {~/Documents/papers/barbedo_2016.pdf},
  DOI = { http://dx.doi.org/10.1016/j.biosystemseng.2016.03.012 }
}

@article{Bar2018,
  author = {Bar-On, Y. M. and Phillips, R. and Milo, R.},
  title = {The biomass distribution on Earth},
  year = 2018,
  journal = {PNAS},
  volume = {115},
  number = {25},
  pages = {6505--6511},
  FILE = {~/Documents/papers/bar_2018.pdf},
  DOI = { http://dx.doi.org/10.1073/pnas.1711842115 }
}

@article{Chen2011,
  author = {Chen, I. and Hill, J. K. and Ohlem{\"u}ller, R. and Roy, D. B. and Thomas, C. D.},
  title = {Rapid range of species associated with high levels of climate warming},
  year = 2011,
  journal = {Science},
  volume = {333},
  number = {},
  pages = {1024--1026},
  FILE = {~/Documents/papers/chen_2011.pdf},
  DOI = { http://dx.doi.org/10.1126/science.1206432 }
}

@article{Hughes2000,
  author = {Hughes, L.},
  title = {Biological consequences of global warming: is the signal already apparent?},
  year = 2000,
  journal = {Trends in Ecology and Evolution},
  volume = {15},
  number = {2},
  pages = {56--61},
  FILE = {~/Documents/papers/hughes_2000.pdf},
  DOI = { http://dx.doi.org/10.1016/S0169-5347(99)01764-4 }
}

@article{Parmesan2006,
  author = {Parmesan, C.},
  title = {Ecological and evolutionary responses to recent climate change},
  year = 2006,
  journal = {Annual Review of Ecology, Evolutio nand Systematics},
  volume = {37},
  number = {},
  pages = {637--669},
  FILE = {~/Documents/papers/parmesan_2006.pdf},
  DOI = { http://dx.doi.org/10.2307/annurev.ecolsys.37.091305.30000 }
}

@article{Colwell2008,
  author = {Colwell, R. K. and Brehm, G. and Cardel{\'u}s, C. L. and Gilman, A. C. and Longino, J. T.},
  title = {GLobal warming, elevational range shifts and lowland biotic attrition in the wet tropics},
  year = 2008,
  journal = {Science},
  volume = {322},
  number = {},
  pages = {258--261},
  FILE = {~/Documents/papers/colwell_2008.pdf},
  DOI = { http://dx.doi.org/10.1126/science.1162547 }
}

@article{Feeley2012,
  author = {Feeley, K. J. and Malhi, Y. and Zelazowski, P. and Silman, M. R.},
  title = {The relative importance of deforestation, precipitation change, and temperature sensitivity in determining the future distributions and diversity of Amazonian plant species},
  year = 2012,
  journal = {Global Change Biology},
  volume = {18},
  number = {},
  pages = {2636--2647},
  FILE = {~/Documents/papers/feeley_2012.pdf},
  DOI = { http://dx.doi.org/10.1111/j.1365-2486.2012.02719.x }
}

@article{Bellard2012,
  author = {Bellard, C. and Bertelsmeier, C. and Leadley, P. and Thuiller, W. and Courchamp, F.},
  title = {Impacts of climate change on the future of biodiversity},
  year = 2012,
  journal = {Ecology Letters},
  volume = {15},
  number = {},
  pages = {365--377},
  FILE = {~/Documents/papers/bellard_2012.pdf},
  DOI = { http://dx.doi.org/10.1111/j.1461-0248.2011.01736.x }
}

@article{Pearson2003,
  author = {Pearson, R. G. and Dawson, T. P.},
  title = {Predicting the impacts of climate change on the distribution of species: are bioclimate envelope models useful?},
  year = 2003,
  journal = {Global Ecology \& Biogeography},
  volume = {12},
  number = {},
  pages = {361--371},
  FILE = {~/Documents/papers/pearson_2003.pdf},
  DOI = { http://dx.doi.org/10.1046/j.1466-822X.2003.00042.x }
}

@article{Berry2002,
  author = {Berry, P. M. and Dawson, T. P. and Harrison, P. A. and Pearson, R. G.},
  title = {Modelling potential impacts of climate change on the bioclimatic envelope of species in Britain and Ireland},
  year = 2002,
  journal = {Global Ecology \& Biogeography},
  volume = {11},
  number = {},
  pages = {453--462},
  FILE = {~/Documents/papers/berry_2002.pdf},
  DOI = { http://dx.doi.org/10.1111/j.1466-8238.2002.00304.x }
}

@article{Peterson2002,
  author = {Peterson, A. T. and Ball, L. G. and Cohoon, K. P.},
  title = {Predicting distributions of Mexican birds using ecological niche modelling methods},
  year = 2002,
  journal = {Ibis},
  volume = {144},
  number = {},
  pages = {E27--E32},
  FILE = {~/Documents/papers/peterson_2002.pdf},
  DOI = { http://dx.doi.org/10.1046/j.0019-1019.2001.00031.x }
}

@article{Thuiller2005,
  author = {Thuiller, W. and Richardson, D. M. and Py\v{s}ek, P. and Midgley, G. F. and Hughes, G. O. and Rouget, M.},
  title = {Niche-based modelling as a tool for predicting the risk of alien plant invasions at a global scale},
  year = 2005,
  journal = {Global Change Biology},
  volume = {11},
  number = {},
  pages = {2234--2250},
  FILE = {~/Documents/papers/thuiller_2005.pdf},
  DOI = { http://dx.doi.org/10.1111/j.1365-2486.2005.01018.x }
}

@article{Araujo2006,
  author = {Ara{\'u}jo, M. B. and Thuiller, W. and Pearson, R. G.},
  title = {Climate warming and the decline of amphibians and reptiles in Europe},
  year = 2006,
  journal = {Journal of Biogeography},
  volume = {33},
  number = {},
  pages = {1712--1728},
  FILE = {~/Documents/papers/araujo_2006.pdf},
  DOI = { http://dx.doi.org/10.1111/j.1365-2699.2006.01482.x }
}

@article{Sinclair2010,
  author = {Sinclair, S. J. and White, M. D. and Newell, G. R.},
  title = {How useful are species distribution models for managing biodiversity under future climates?},
  year = 2010,
  journal = {Ecology and Society},
  volume = {15},
  number = {1},
  pages = {1--13},
  FILE = {~/Documents/papers/sinclair_2010.pdf},
  DOI = {}
}

@article{Dobson2011,
  author = {Dobson, A. and Lodge, D. and Alder, J. and Cumming, G. S. and Keymer, J. and McGlade, J. and Mooney, H. and Rusak, J. A. and Sala, O. and Wolters, V. and Wall, D. and Winfree, R. and Xenopoulos, M. A.},
  title = {Habitat loss, trophic collapse, and the decline of ecosystem services},
  year = 2006,
  journal = {Ecology},
  volume = {87},
  number = {8},
  pages = {1915--1924},
  FILE = {~/Documents/papers/dobson_2011.pdf},
  DOI = { http://dx.doi.org/10.1890/0012-9658(2006)87[1915:HLTCAT]2.0.CO;2 }
}

@article{Isbell2011,
  author = {Isbell, F. and Calcagno, V. and Hector, A. and Connolly, J. and Harpole, W. S. and Reich, P. B. and Scherer-Lorenzen, M. and Schmid, B. and Tilman, D. and {van Rujiven}, J. and Weigelt, A. and Wilsey, B. J. and Zavaleta, E. S. and Loreau, M.},
  title = {Hugh plant diversity is needed to maintain ecosystem services},
  year = 2011,
  journal = {Nature},
  volume = {477},
  number = {},
  pages = {199--203},
  FILE = {~/Documents/papers/isbell_2011.pdf},
  DOI = { http://dx.doi.org/10.1038/nature10282 }
}

@article{Jump2005,
  author = {Jump, A. S. and Pe\~{n}uelas, J.},
  title = {Running to stand still adaptation and the response of plants to rapid climate change},
  year = 2005,
  journal = {Ecology Letters},
  volume = {8},
  number = {},
  pages = {1010--1020},
  FILE = {~/Documents/papers/jump_2005.pdf},
  DOI = { http://dx.doi.org/10.1111/j.1461-0248.2005.00796.x }
}

@article{Hoffmann2011,
  author = {Hoffmann, A. A. and Sgr\`{o}, C. M.},
  title = {Climate change and evolutionary adaptation},
  year = 2011,
  journal = {Nature},
  volume = {470},
  number = {},
  pages = {479--485},
  FILE = {~/Documents/papers/hoffmann_2011.pdf},
  DOI = { http://dx.doi.org/10.1038/nature09670 }
}

@article{Davis1998,
  author = {Davis, M. A. and Wrage, K. J. and Reich, P. B.},
  title = {Competition between tree seedlings and herbaceous vegetation: support for a theory of resource supply and demand},
  year = 1998,
  journal = {Journal of Ecology},
  volume = {86},
  number = {},
  pages = {652--661},
  FILE = {~/Documents/papers/davis_1998.pdf},
  DOI = { http://dx.doi.org/10.1046/j.1365-2745.1998.00087.x }
}

@article{Putten2010,
  author = {{Van der Putten}, W. H. and Macel, M. and Visser, M. E.},
  title = {Predicting species distribution and abundance responses to climate change: why it is essential to include biotic interactions across trophic levels},
  year = 2010,
  journal = {Philosophical Transactions of the Royal Society B: Biological Sciences},
  volume = {365},
  number = {},
  pages = {2025--2034},
  FILE = {~/Documents/papers/putten_2010.pdf},
  DOI = { http://dx.doi.org/10.1098/rstb.2010.0037 }
}

@article{Ettinger2011,
  author = {Ettinger, A. K. and Ford, K. R. and {HilleRisLambers}, J.},
  title = {Climate determines upper, but not lowe, altitudinal range limits of Pacific Northwest conifers},
  year = 2011,
  journal = {Ecology},
  volume = {92},
  number = {6},
  pages = {1323-1331},
  FILE = {~/Documents/papers/ettinger_2011.pdf},
  DOI = { http://dx.doi.org/10.1890/10-1639.1 }
}

@article{Feeley2011,
  author = {Feeley, K. J. and Silman, M. R. and Bush, M. B. and Farfan, W. and Cabrera, K. G. and Malhi, Y. and Meir, P. and Revilla, N. S. and Quisiyupanqui, M. N. R. and Saatchi, S.},
  title = {Upslope migration of Andean trees},
  year = 2011,
  journal = {Journal of Biogeography},
  volume = {38},
  number = {},
  pages = {783--791},
  FILE = {~/Documents/papers/feeley_2011.pdf},
  DOI = { http://dx.doi.org/10.1111/j.1365-2699.2010.02444.x }
}

@article{Malhi2010,
  author = {Malhi, Y. and Silman, M. and Salinas, N. and Bush, M. and Meir, P. and Saatchi, S.},
  title = {Introduction: elevation gradients in the tropics: laboratories for ecosystem ecology and global change research},
  year = 2010,
  journal = {Global Change Biology},
  volume = {16},
  number = {},
  pages = {3171--3175},
  FILE = {~/Documents/papers/malhi_2010.pdf},
  DOI = { http://dx.doi.org/10.1111/j.1365-2486.2010.02323.x }
}

@article{Girardin2014,
  author = {Girardin, C. A. J. and Espejob, J. E. S. and Doughty, C. E. and Huasco, W. H. and Metcalfe, D. B. and {Durand-Baca}, L. and Marthews, T. R. and Aragao, L. E. O. C. and {Farf\`{a}n-Rios}, W. and {Garc\`{i}a-Cabrera}, K. and Halladay, K. and Fisher, J. B. and {Galiano-Cabrera}, D. F. and {Huaraca-Quispe}, L. P. and {Alzamora-Taype}, I. and {Eguiluz-Mora}, L. and {Salinas-Revilla}, N. and Silman, M. R. and Meir, P. and Malhi, Y.},
  title = {Productivity and carbon allocation in a tropical montane cloud forest in the Peruvian Andes},
  year = 2014,
  journal = {Plant Ecology \& Diversity},
  volume = {7},
  number = {1-2},
  pages = {107--123},
  FILE = {~/Documents/papers/girardin_2014.pdf},
  DOI = { http://dx.doi.org/10.1080/17550874.2013.820222 }
}

@article{Myers2000,
  author = {Myers, N. and Mittermeier, R. A. and Mittermeier, C. G. and {da Fonseca}, G. A. B. and Kent, J.},
  title = {Biodiversity hotspots for conservation priorities},
  year = 2000,
  journal = {Nature},
  volume = {403},
  number = {},
  pages = {853--858},
  FILE = {~/Documents/papers/myers_2000.pdf},
  DOI = { http://dx.doi.org/10.1038/35002501 }
}

@article{Hillyer2010,
  author = {Hillyer, R. and Silman, M. R.},
  title = {Changes in species interactions across a 2.5 km elevation gradient: effects on plant migration in response to climate change},
  year = 2010,
  journal = {Global Change Biology},
  volume = {16},
  number = {},
  pages = {3205--3214},
  FILE = {~/Documents/papers/hillyer_2010.pdf},
  DOI = { http://dx.doi.org/10.1111/j.1365-2486.2010.02268.x }
}

@article{Campbell2007,
  author = {Campbell, C. and Atkinson, L. and {Zaragoza-Castells}, J. and Lundmark, M. and Atkin, O. and Hurry, V.},
  title = {Acclimation of photosynthesis and respiration is asynchronous in response to changes in temperature regardless of plant functional group},
  year = 2007,
  journal = {New Phytologist},
  volume = {176},
  number = {},
  pages = {375--389},
  FILE = {~/Documents/papers/campbell_2007.pdf},
  DOI = { http://dx.doi.org/10.1111/j.1469-8137.2007.02183.x }
}

@article{Maxwell2000,
  author = {Maxwell, K. and Johnson, G. N.},
  title = {Chlorophyll fluorescence - a practical guide},
  year = 2000,
  journal = {Journal of Experimental Botany},
  volume = {51},
  number = {345},
  pages = {659--668},
  FILE = {~/Documents/papers/maxwell_2000.pdf},
  DOI = { http://dx.doi.org/10.1093/jexbot/51.345.659 }
}

@incollection{Hegyi1974,
  author = {Hegyi, F.},
  title = {A simulation model for managing jack-pine stands},
  booktitle = {Royal College of Forestry, editor},
  year = 1974,
  pages = {74--90},
  publisher = {Royal College of Forestry},
  address = {Stockholm, Sweden},
  FILE = {},
  DOI = {}
}

@article{Lee2004,
  author = {Lee, W. and {von Gadow}, K. and Chung, D. and Lee, J. and Shin, M.},
  title = {DBH growth model for \textit{Pinus densiflora} and \textit{Quercus variabilis} mixed forests in central Korea},
  year = 2004,
  journal = {Ecological Modelling},
  volume = {176},
  number = {},
  pages = {187--200},
  FILE = {~/Documents/papers/lee_2004.pdf},
  DOI = { http://dx.doi.org/10.1016/j.ecolmodel.2003.11.012 }
}

@article{Seifert2014,
  author = {Seifert, T. and Seifert, S. and Seydack, A. and Durrheim, G. and {von Gadow}, K.},
  title = {Competition effects in an afrotemperate forest},
  year = 2014,
  journal = {Forest Ecosystems},
  volume = {1},
  number = {13},
  pages = {1--15},
  FILE = {~/Documents/papers/seifert_2014.pdf},
  DOI = { http://dx.doi.org/10.1186/s40663-014-0013-4 }
}

@article{Grueber2011,
  author = {Gruber, C. E. and Nakagawa, S. and Laws, R. J. and Jamieson, I. G.},
  title = {Multimodel inference in ecology and evolution: challenges and solutions},
  year = 2011,
  journal = {Journal of Evolutionary Biology},
  volume = {24},
  number = {},
  pages = {699--711},
  FILE = {~/Documents/papers/grueber_2011.pdf},
  DOI = { http://dx.doi.org/10.1111/j.1420-9101.2010.02210.x }
}

@manual{arm,
  title = {arm: Data analysis using regression and multilevel/hierarchical models},
  author = {Andrew Gelman and Yu-Sung Su},
  year = 2018,
  note = {R package version 1.10-1},
  url = {https://CRAN.R-project.org/package=arm},
 }

@article{Corlett2013,
  author = {Corlett, R. T. and Westcott, D. A.},
  title = {Will plant movemenets keep up with climate change},
  year = 2013,
  journal = {Trends in Ecology \& Evolution},
  volume = {28},
  number = {8},
  pages = {482--488},
  FILE = {~/Documents/papers/corlett_2013.pdf},
  DOI = { http://dx.doi.org/10.1016/j.tree.2013.04.003 }
}

@article{McCain2011,
  author = {{McCain}, C. M. and Colwell, R. K.},
  title = {Assessing the threat to montane biodiversity from discordant shifts in temperature and precipitation in a changing climate},
  year = 2011,
  journal = {Ecology Letters},
  volume = {14},
  number = {},
  pages = {1236--1245},
  FILE = {~/Documents/papers/mccain_2011.pdf},
  DOI = { http://dx.doi.org/10.1111/j.1461-0248.2011.01695.x }
}

@article{Coomes2000,
  author = {Coomes, D. A. and Grubb, P. J.},
  title = {Impacts of root competition in forests and woodlands: a theoretical framework and review of experiments},
  year = 2000,
  journal = {Ecological Monographs},
  volume = {70},
  number = {2},
  pages = {171--207},
  FILE = {~/Documents/papers/coomes_2000.pdf},
  DOI = { http://dx.doi.org/10.1890/0012-9615(2000)070[0171:IORCIF]2.0.CO;2 }
}

@article{Akaike1992,
  author = {Akaike, H.},
  title = {Information theory and an extension of the maximum likelihood principle},
  year = 1992,
  journal = {Breakthroughs in Statistics},
  volume = {},
  number = {},
  pages = {610--624},
  FILE = {~/Documents/papers/akaike_1992.pdf},
  DOI = { http://dx.doi.org/10.1007/978-1-4612-0919-5_38 }
}

@article{Bates2015,
  author = {Bates, D. and M\"{a}chler, M. and Bolker, B. M. and Walker, S. C.},
  title = {Fitting linear mixed-effects models using lme4},
  year = 2015,
  journal = {Journal of Statistical Software},
  volume = {67},
  number = {1},
  pages = {1--48},
  FILE = {~/Documents/papers/bates_2015.pdf},
  DOI = { http://dx.doi.org/10.18637/jss.v067.i01 }
}

@manual{R2019,
  title = {R: A Language and Environment for Statistical Computing},
  author = {{R Core Team}},
  organization = {R Foundation for Statistical Computing},
  address = {Vienna, Austria},
  year = 2019,
  URL = {https://www.R-project.org/},
}

@article{Lenoir2015,
  author = {Lenoir, J. and Svenning, J. C.},
  title = {Climate-related range shifts - a global multidimensional synthesis and new research directions},
  year = 2015,
  journal = {Ecography},
  volume = {38},
  number = {},
  pages = {15--28},
  FILE = {~/Documents/papers/lenoir_2015.pdf},
  DOI = { http://dx.doi.org/10.1111/ecog.00967 }
}

@article{Mantyka2012,
  author = {Mantyka, C. S. and Martin, T. G. and Rhodes, J. R.},
  title = {Interactions between climate and habitat loss effects on biodiversity: a systematic review and meta-analysis},
  year = 2012,
  journal = {Global Change Biology},
  volume = {18},
  number = {},
  pages = {1239--1252},
  FILE = {~/Documents/papers/mantyka_2012.pdf},
  DOI = { http://dx.doi.org/10.1111/j.1365-2486.2011.02593.x }
}

@article{Travis2013,
  author = {Travis, J. M. J. and Delgado, M. and Bocedi, G. and Baguette, M. and Barto\'{n}, K. and Bonte, D. and Boulangeat, I. and Hodgson, J. A. and Kubisch, A. and Penteriani, V. and Saastamoinen, M. and Stevens, V. M. and Bullock, J. M.},
  title = {Dispersal and species' responses to climate change},
  year = 2013,
  journal = {Oikos},
  volume = {122},
  number = {},
  pages = {1532--1540},
  FILE = {~/Documents/papers/travis_2013.pdf},
  DOI = { http://dx.doi.org/10.1111/j.1600-0706.2013.00399.x }
}

@article{MacLean2017,
  author = {MacLean, S. A. and Beissinger, S. R.},
  title = {Species' traits as predictors of range shifts under contemporary climate change: a review and meta-analysis},
  year = 2017,
  journal = {Global Change Biology},
  volume = {23},
  number = {},
  pages = {4094--4105},
  FILE = {~/Documents/papers/maclean_2017.pdf},
  DOI = { http://dx.doi.org/10.1111/gcb.13736 }
}

@article{Dawson2011,
  author = {Dawson, T. P. and Jackson, S. T. and House, J. I. and Prentice, I. C. and Mace, G. M.},
  title = {Beyond predictions: biodiversity conservation in a changing climate},
  year = 2011,
  journal = {Science},
  volume = {332},
  number = {},
  pages = {53--58},
  FILE = {~/Documents/papers/dawson_2011.pdf},
  DOI = { http://dx.doi.org/10.1126/science.1200303 }
}

@article{McMahon2011,
  author = {McMahon, S. M. and Harrison, S. P. and Armbruster, W. C. and Bartlein, P. J. and Beale, C. M. and Edwards, M. E. and Kattge, J. and Midgley, G. and Morin, X. and Prentice, I. C.},
  title = {Improving assessment and modelling of climate change impacts on global terrestrial biodiversity},
  year = 2011,
  journal = {Trends in Ecology and Evolution},
  volume = {26},
  number = {5},
  pages = {249--259},
  FILE = {~/Documents/papers/mcmahon_2011.pdf},
  DOI = { http://dx.doi.org/10.1016/j.tree.2011.02.012 }
}

@article{Wisz2013,
  author = {Wisz, M. S. and Pottier, J. and Kissling, W. D. and Pellissier, L. and Lenoir, J. and Damgaard, C. F. and Dormann, C. F. and Forchhammer, M. C. and Grytnes, J. and Guisan, A. and Heikkinen, R. K. and Hoye, T. T. and K{\"a}hn, I. and Luoto, M. and Maiorano, L. and Nilsson, M. and Normand, S. and {\"O}ckinger, Schmidt, N. M. and Termansen, M. and Timmermann, A. and Wardle, D. A. and Aastrup, P. and Svenning, J.},
  title = {The role of biotic interactions in shaping distributions and realised assemblages of species: implications for species distribution modelling},
  year = 2013,
  journal = {Biological Reviews},
  volume = {88},
  number = {},
  pages = {15--30},
  FILE = {~/Documents/papers/wisz_2013.pdf},
  DOI = { http://dx.doi.org/10.1111/j.1469-185X.2012.00235.x }
}

@article{Bell2014,
  author = {Bell, D. M. and Bradford, J. B. and Lauenroth, W. K.},
  title = {Early indicators of change: diversgent climate envelopes between tree life stages imply range shifts in the western United States},
  year = 2014,
  journal = {Global Ecology and Biogeography},
  volume = {23},
  number = {},
  pages = {168--180},
  FILE = {~/Documents/papers/bell_2014.pdf},
  DOI = { http://dx.doi.org/10.1111/geb.12109 }
}

@article{Lenoir2009,
  author = {Lenoir, J. and G\'{e}gout, J. and Pierrat, J. and Bontemps, J. and Dh\^{o}te, J.},
  title = {Differences between tree species seedling and adult altitudinal distribution in mountain forests during the recent warm period (1986-2006)},
  year = 2009,
  journal = {Ecography},
  volume = {32},
  number = {},
  pages = {765--777},
  FILE = {~/Documents/papers/lenoir_2009.pdf},
  DOI = { http://dx.doi.org/10.1111/j.1600-0587.2009.05791.x }
}

@article{Krause2001,
  author = {Krause, G. H. and Koroleva, O. Y. and Dalling, J. W. and Winter, K.},
  title = {Acclimation of tropical tree seedlings to excessive light in simulated tree-fall gaps},
  year = 2001,
  journal = {Plant, Cell and Environment},
  volume = {24},
  number = {},
  pages = {1245--1352},
  FILE = {~/Documents/papers/krause_2001.pdf},
  DOI = { http://dx.doi.org/10.1046/j.0016-8025.2001.00786.x }
}

@article{Matsubara2009,
  author = {Matsuraba, S. and Krause, G. H. and Aranda, J. and Virgo, J. and Beisel, K. G. and Jahns, P. and Winter, K.},
  title = {Sun-shade patterns of leaf carotenoid composition in 86 species of neotropical forest plants},
  year = 2009,
  journal = {Functional Plant Biology},
  volume = {36},
  number = {},
  pages = {20--36},
  FILE = {~/Documents/papers/matsubara_2009.pdf},
  DOI = { http://dx.doi.org/10.1071/FP08214 }
}


@article{Valladares2016,
  author = {Valladares, F. and Laanisto, L. and Niinemets, {\"U} and Zavala, M. A.},
  title = {Shedding light on shade: ecological perspectives of understorey plant life},
  year = 2016,
  journal = {Plant Ecology \& Diversity},
  volume = {9},
  number = {3},
  pages = {237--251},
  FILE = {~/Documents/papers/valladares_2016.pdf},
  DOI = { http://dx.doi.org/10.1080/17550874.2016.1210262 }
}

@incollection{Prado2012,
  author = {Prado, F. E. and Rosa, M. and Prado, C. and Podazza, G. and Interdonato, R. and Gonz\'{a}lez, J. A. and Hilal, M.},
  editor = {Ahmad, P. and Prasad, M.},
  title = {UV-B radiation, its effects and defense mechanisms in terrestrial plants},
  booktitle = {Environmental Adaptations and Stress Tolerance of Plants in the Era of Climate Change},
  year = 2012,
  pages = {57--83},
  publisher = {Springer},
  address = {New York, USA},
  FILE = {~/Documents/papers/prado_2012.pdf},
  DOI = { http://dx.doi.org/10.1007/978-1-4614-0815-4_3 }
}

@article{Martin2010,
  author = {Martin, P. H. and Fahey, T. J. and Sherman, R. E.},
  title = {Vegetation zonation in a neotropical montane forest: environment, disturbance and ecotones},
  year = 2010,
  journal = {Biotropica},
  volume = {43},
  number = {5},
  pages = {533--543},
  FILE = {~/Documents/papers/martin_2010.pdf},
  DOI = { http://dx.doi.org/10.1111/j.1744-7429.2010.00735.x }
}

@article{Serrano2008,
  author = {Serrano, L.},
  title = {Effects of leaf structure on reflectance estimates of chlorophyll content},
  year = 2008,
  journal = {International Journal of Remote Sensing},
  volume = {29},
  number = {},
  pages = {17--18},
  FILE = {~/Documents/papers/serrano_2008.pdf},
  DOI = { http://dx.doi.org/10.1080/01431160802036359 }
}

@article{Coste2010,
  author = {Coste, S. and Baraloto, C. and Leroy, C. and Marcon, {\'E}. and Renaud, A. and Richardson, A. D. and Roggy, J. and Schimann, H. and Uddling, J. and H\'{e}rault, B.},
  title = {Assessing foliar chlorophyll contents with the SPAD-502 chlorophyll meter: a calibration test with thirteen tree species of tropical rainforest in French Guiana},
  year = 2010,
  journal = {Annals of Forest Science},
  volume = {67},
  number = {6},
  pages = {607--607},
  FILE = {~/Documents/papers/coste_2010.pdf},
  DOI = { http://dx.doi.org/10.1051/forest/2010020 }
}

@article{Schneider2012,
  author = {Schneider, C. A. and Rasband, W. S. and Eliceiri, K. W.},
  title = {NIH Image to ImageJ: 25 years of Image Analysis},
  year = 2012,
  journal = {Nat Methods},
  volume = {9},
  number = {7},
  pages = {671--675},
  FILE = {~/Documents/papers/schneider_2012.pdf},
  DOI = { http://dx.doi.org/10.1038/nmeth.2089 }
}

@manual{hemiphot,
  title = {Hemiphot.R: Free R scripts to analyse hemispherical photographs for canopy openness, leaf area index and photosynthetic active radiation under forest canopies},
  author = {{ter Steege}, H.},
  year = 2018,
  note = {Unpublished report},
  publisher = {Naturalis Biodiversity Center},
  address = {Leiden, The Netherlands},
  URL = {https://github.com/Naturalis/Hemiphot}
 }

@article{Bolker2008,
  author = {Bolker, B. M. and Brooks, M. E. and Clark, C. J. and Geange, S. W. and Poulsen, J. R. and Stevens, M. H. H. and White, J. S.},
  title = {Generalized linear mixed models: a practical guide for ecology and evolution},
  year = 2008,
  journal = {Trends in Ecology and Evolution},
  volume = {24},
  number = {3},
  pages = {127--135},
  file = {~/documents/papers/bolker_2008.pdf},
  doi = { http://dx.doi.org/10.1016/j.tree.2008.10.008 }
}


@article{Genty1989,
  author = {Genty, B. and Briantais, J. and Baker, N. R.},
  title = {The relationship between the quantum yield of photosynthetic electron transport and quenching of chlorophyll fluorescence},
  year = 1989,
  journal = {Biochimica et Biophysica Acta},
  volume = {990},
  number = {},
  pages = {87--92},
  FILE = {~/Documents/papers/genty_1989.pdf},
  DOI = { http://dx.doi.org/10.1016/S0304-4165(89)80016-9 }
}

@article{Whitaker2014,
  author = {Whitaker, J. and Ostle, N. and Nottingham, A. T. and Ccahuana, A. and Salinas, N. and Bardgett, R. D. and Meir, P. and {McNamara}, N. P.},
  title = {Microbial community composition explains soil respiration responses to changing carbon inputs along an Andes-to-Amazon elevation gradient},
  year = 2014,
  journal = {Journal of Ecology},
  volume = {102},
  number = {},
  pages = {1052--1071},
  FILE = {~/Documents/papers/whitaker_2014.pdf},
  DOI = { http://dx.doi.org/10.1111/1365-2745.12247 }
}

@article{Frazer2001,
  author = {Frazer, G. W. and Fournier, R. A. and Trofymow, J. A. and Hall, R. J.},
  title = {A comparison of digital and film fisheye photography for analysis of forest canopy structure and gap light transmission},
  year = 2001,
  journal = {Agricultural and Forest Meteorology},
  volume = {109},
  number = {},
  pages = {249--263},
  FILE = {~/Documents/papers/frazer_2001.pdf},
  DOI = { http://dx.doi.org/10.1016/S0168-1923(01)00274-X }
}

@article{Jupp2009,
  author = {Jupp, D. L. B. and Culvenor, D. S. and Lovell, J. L. and Newnham, G. J. and Strahler, A. H. and Woodcock, C. E.},
  title = {Estimating forest LAI profiles and structural parameters using a ground-based laser called `Echidna'},
  year = 2008,
  journal = {Tree Physiology},
  volume = {29},
  number = {},
  pages = {171--181},
  FILE = {~/Documents/papers/jupp_2009.pdf},
  DOI = { http://dx.doi.org/10.1093/treephys/tpn022 }
}

@article{Jonckheere2004,
  author = {Jonckheere, I. and Fleck, S. and Nackaerts, K. and Muys, B. and Coppin, P. and Weiss, M. and Baret, F.},
  title = {Review of methods for in situ leaf area index determination Part I. Theories, sensors and hemispherical photography},
  year = 2004,
  journal = {Agricultural and Forest Meteorology},
  volume = {121},
  number = {},
  pages = {19--35},
  FILE = {~/Documents/papers/jonckheere_2004.pdf},
  DOI = { http://dx.doi.org/10.1016/j.agrformet.2003.08.027 }
}

@book{Gadow1999,
  author = {Gadow, K. V. and Hui, G.},
  title = {Modelling Forest Development},
  year = 1999,
  publisher = {Springer},
  address = {The Netherlands},
  FILE = {~/Documents/papers/},
  DOI = { http://dx.doi.org/10.1007/978-94-011-4816-0 }
}

@article{Li2010,
  author = {Li, F. and Peng, S. and Chen, B. and Hou, Y.},
  title = {A meta-analysis of the responses of woody and herbaceous plants to elevated ultraviolet-B radiation},
  year = 2010,
  journal = {Acta Oecologia},
  volume = {36},
  number = {},
  pages = {1--9},
  FILE = {~/Documents/papers/li_2010.pdf},
  DOI = { http://dx.doi.org/10.1016/j.actao.2009.09.002 }
}

@article{Gibson-Reinemer2015,
  author = {Gibson-Reinemer, D. K. and Sheldon, K. S. and Rahel, F. J.},
  title = {CLimate change creates rapid species turnover in montane communities},
  year = 2015,
  journal = {Ecology and Evolution},
  volume = {5},
  number = {12},
  pages = {2340--2347},
  FILE = {~/Documents/papers/gibson-reinemer_2015.pdf},
  DOI = { http://dx.doi.org/10.1002/ece3.1518 }
}

@article{Lenoir2010,
  author = {Lenoir, J. and G{\'e}gout, J. and Guisan, A. and Vittoz, P. and Wohlgemuth, T. and Zimmermann, N. E. and Dullinger, S. and Pauli, H. and Willner, W. and Svenning, J.},
  title = {Going against the flow: potential mechanis,s for unexpected downslope range shifts in a warming climate},
  year = 2010,
  journal = {Ecography},
  volume = {33},
  number = {},
  pages = {295--303},
  FILE = {~/Documents/papers/lenoir_2010.pdf},
  DOI = { http://dx.doi.org/10.1111/j.1600-0587.2010.06279.x }
}

@article{Hobbs2009,
  author = {Hobbs, R. J. and Higgs, E. and Harris, J. A.},
  title = {Novel ecosystems: implications for conservation and restoration},
  year = 2009,
  journal = {Trends in Ecology and Evolution},
  volume = {24},
  number = {11},
  pages = {599--605},
  FILE = {~/Documents/papers/hobbs_2009.pdf},
  DOI = { http://dx.doi.org/10.1016/j.tree.2009.05.012 }
}

@article{Vuille2015,
  author = {Vuille, M. and Franquist, E. and Garreaud, R. and Casimiro, W. S. L. and C{\'a}ceres, B.},
  title = {Impact of the global warming hiatus on Andean temperature},
  year = 2015,
  journal = {Journal of Geophysical Research: Atmospheres},
  volume = {120},
  number = {},
  pages = {3745--3757},
  FILE = {~/Documents/papers/vuille_2015.pdf},
  DOI = { http://dx.doi.org/10.1002/ 2015JD023126 }
}


@article{Magrin2014,
  author = {Magrin, G. O. and Marengo, J. A. and Boulanger, J. and Buckeridge, M. S. and Castellano, E. and Poveda, G. and Scarano, F. R. and Vicu{\~n}a, S.},
  title = {Central and South America},
  booktitle = {Climate Change 2014: Impacts, adaptation, and vulnerability. Part B: Regional Aspects. Contribution of Working Group II to the Fifth Assessment Report of the Intergovernmental Panel on Climate Change},
  publisher = {Intergovernmental Panel on Climate Change},
  year = 2014,
  FILE = {~/Documents/papers/magrin_2014.pdf},
  DOI = { http://dx.doi.org/ }
}

@incollection{Marengo2011,
  author = {Marengo, J. A. and Pab{\'o}n, J. and D{\'i}az, A. and Rosas, G. and {\'A}valos, G. and Montealegre, E. and Villacis, M. and Solman, S. and Rojas, M.},
  editor = {Herzog, S. K. and Martinez, R. and J{\o}rgensen, P. M. and Tiessen, H.},
  title = {Climate Change: Evidence and future scenarios for the Andean region},
  booktitle = {Climate change and Biodiversity in the Tropical Andes},
  year = 2011,
  pages = {110--127},
  publisher = {Inter-American Institute for Bloal Change Research (IAI) and Scientific Committee on Problems of the Environment (SCOPE)},
  address = {},
  FILE = {~/Documents/papers/marengo_2011.pdf},
  DOI = { http://dx.doi.org/ }
}

@article{Valladares2008,
  author = {Valladares, F. and Niinemets, {\"U}},
  title = {Shade tolerance, a key plant feature of complex nature and consequences},
  year = 2008,
  journal = {Annual Reivew of Ecology, Evolution and Systematics},
  volume = {39},
  number = {},
  pages = {237--257},
  FILE = {~/Documents/papers/valladares_2008.pdf},
  DOI = { http://dx.doi.org/10.1146/annurev.ecolsys.39.110707.173506 }
}

@article{Nicotra2010,
  author = {Nicotra, A. B. and Atkin, O. K. and Bonser, S. P. and Davidson, A. M. and Finnegan, E. J. and Mathesius, U. and Poot, P. Purugganan, M. D. and Richards, C. L. and Valladares, F. and {van Kleunen}, M.},
  title = {Plant phenotypic plasticity in a changing climate},
  year = 2010,
  journal = {Trends in Plant Science},
  volume = {15},
  number = {12},
  pages = {684--692},
  FILE = {~/Documents/papers/nicotra_2010.pdf},
  DOI = { http://dx.doi.org/10.1016/j.tplants.2010.09.008 }
}

@article{Lyons2005,
  author = {Lyons, K. G. and Brigham, C. A. and Traut, B. H. and Schwartz, M. W.},
  title = {Rare species and ecosystem functioning},
  year = 2005,
  journal = {Conservation Biology},
  volume = {19},
  number = {},
  pages = {1019--1024},
  FILE = {~/Documents/papers/lyons_2005.pdf},
  DOI = { http://dx.doi.org/10.1111/j.1523-1739.2005.00106.x }
}

@article{Mouillot2013,
  author = {Mouillot, D. and Bellwood, D. R. and Baraloto, C. and Chave, J. and Galzin, R. and Harmelin-Vivien, M. and Kulbicki, M. and Lavergne, S. and Lavorel, S. and Mouquet, N. and Pain, C. E. T. and Renaud, J. and Thuiller, W.},
  title = {Rare species support vulnerable functions in high-diversity ecosystems},
  year = 2013,
  journal = {PLoS Biology},
  volume = {11},
  number = {5},
  pages = {1--11},
  FILE = {~/Documents/papers/mouillot_2013.pdf},
  DOI = { http://dx.doi.org/10.1371/journal.pbio.1001569 }
}

@article{Boulangeat2012,
  author = {Boulangeat, I. and Lavergne, S. and {Van Es}, J. and Garraud, L. and Thuiller, W.},
  title = {Niche breadth, rarity and ecological characteristics within a regional flora spanning large environmental gradients},
  year = 2012,
  journal = {Journal of Biogeography},
  volume = {39},
  number = {},
  pages = {204--214},
  FILE = {~/Documents/papers/boulangeat_2012.pdf},
  DOI = { http://dx.doi.org/10.1111/j.1365-2699.2011.02581.x }
}

@article{Lyons2001,
  author = {Lyons, K. G. and Schwartz, M. W.},
  title = {Rare species loss alters ecosystem function - invasion resistance},
  year = 2001,
  journal = {Ecology Letters},
  volume = {4},
  number = {},
  pages = {358--265},
  FILE = {~/Documents/papers/lyons_2001.pdf},
  DOI = { http://dx.doi.org/10.1046/j.1461-0248.2001.00235.x }
}

@article{Ledo2012,
  author = {Ledo, A. and Cond{\'e}s, S. and Alberdi, I.},
  title = {Forest biodiversity assessment in Peruvian Andean montane cloud forest},
  year = 2012,
  journal = {Journal of Mountain Science},
  volume = {9},
  number = {},
  pages = {372--384},
  FILE = {~/Documents/papers/ledo_2012.pdf},
  DOI = { http://dx.doi.org/10.1007/s11629-009-2172-2 }
}

@article{Klimas2012,
  author = {Klimas, C. A. and Kainer, K. A and Waft, L. H. and Staudhammer, C. L. and Rigamonte-Azevedo, V. and Correia, M. F. and Lima, L. M. S.},
  title = {Control of \textit{Carapa guianensis} phenology and seed production at multiple scales: a five-year study exploring the influences of tree attributes, habitat heterogeneity and climate cues},
  year = 2012,
  journal = {Journal of Tropical Ecology},
  volume = 28},
  number = {},
  pages = {105--118},
  FILE = {~/Documents/papers/klimas_2012.pdf},
  DOI = { http://dx.doi.org/10.1017/S0266467411000630 }
}

@article{Muller-Landau2010,
  author = {Muller-Landau, H. C.},
  title = {The tolerance-fecundity trade-off and the maintenance of diversity in seed size},
  year = 2010,
  journal = {Proceedings of the National Academy of Sciences},
  volume = {107},
  number = {9},
  pages = {4242--4247},
  FILE = {~/Documents/papers/muller-landau_2010.pdf},
  DOI = { http://dx.doi.org/10.1073/pnas.0911637107 }
}

@article{Lewis2011,
  author = {Lewis, S. L. and Brando, P. M. and Phillips, O. L. and {van der Heijden}, G. and Nepstad, D.},
  title = {The 2010 Amazon drought},
  year = 2011,
  journal = {Science},
  volume = {331},
  number = {6017},
  pages = {554},
  FILE = {~/Documents/papers/lewis_2011.pdf},
  DOI = { http://dx.doi.org/10.1126/science.1200807 }
}


@article{Ordlander1997,
  author = {{\"O}rdlander, G. and Nilsson, U. and Nordlander, G.},
  title = {Pine weevil abundance on clear-cuttings of different ages: a 6-year study using pitfall traps},
  year = 1997,
  journal = {Scandinavian Journal of Forest Research},
  volume = {12},
  number = {},
  pages = {225--240},
  FILE = {~/Documents/papers/ordlander_1997.pdf},
  DOI = { http://dx.doi.org/10.1080/02827589709355405 }
}

@article{Nordlander1991,
  author = {Nordlander, G.},
  title = {Host finding in the pine weevil \textit{Hylobius abietis}: effects of conifer volatiles and added limonene},
  year = 1991,
  journal = {Entomologia Experimentalis et Applicata},
  volume = {59},
  number = {},
  pages = {229--237},
  FILE = {~/Documents/papers/nordlander_1991.pdf},
  DOI = { http://dx.doi.org/10.1111/j.1570-7458.1991.tb01507.x }
}

@article{Leather1999,
  author = {Leather, S. R. and Day, K. R. and Salisbury, A. N.},
  title = {The biology and ecology of the large pine weevil, \textit{Hylobius abietis} (Coleoptera: Curculionidae): a problem of dispersal?},
  year = 1999,
  journal = {Bulletin of Entomological Research},
  volume = {89},
  number = {},
  pages = {3--16},
  FILE = {~/Documents/papers/leather_1999.pdf},
  DOI = { http://dx.doi.org/10.1017/S0007485399000024 }
}

@article{Selander1990,
  author = {Selander, J. and Immonen, A. and Raukko, P.},
  title = {Resistance of naturally regenerated and nursery-raised Scots pine seedlings to the large pine weevil},
  year = 1990,
  journal = {Folia Forestalia},
  volume = {766},
  number = {},
  pages = {1--199},
  FILE = {~/Documents/papers/selander_1990.pdf},
  ISBN = { 9514011406 }
}

@article{Barredo2015,
  author = {Barredo, J. I. and Strona, G. and {de Rigo}, D. and Caudullo, G. and Stancanelli, G. and San-Miguel-Ayanz, J.},
  title = {Assessing the potential distribution of insect pests: case studies on large pine weevil (\textit{Hylobius abietis} L) and horse-chestnut leaf miner (\textit{Cameraria ohridella}) under present and future climate conditions in European forests},
  year = 2015,
  journal = {EPPO Bulletin},
  volume = {45},
  number = {2},
  pages = {273--281},
  FILE = {~/Documents/papers/barredo_2015.pdf},
  DOI = { http://dx.doi.org/10.1111/epp.12208 }
}

@manual{Willoughby2004,
  author = {Willoughby, I. and Evans, H. and Gibbs, J. and Pepper, H. and Gregory, S. and Dewar, J. and Nisbet, T. and Pratt, J. and McKay, H. and Siddons, R. and Mayle, B. and Heritage, S. and Ferris, R. and Trout, R.},
  title = {Reducing pesticide use in forestry},
  institution = {Forestry Commission: Edinburgh},
  year = 2004,
  FILE = {~/Documents/papers/willoughby_2004.pdf},
  ISBN = { 0855386177 }
}

@article{Dillon2006,
  author = {Dillon, A. B. and Ward, D. and Downes, M. J. and Griffin, C. T.},
  title = {Suppression of the large pine weevil \textit{Hylobius abietis} (L.) (Coleoptera: Curculionidae) in pine stumps by entomopathogenic nematodes with different foraging strategies},
  year = 2006,
  journal = {Biological Control},
  volume = {38},
  number = {},
  pages = {217--226},
  FILE = {~/Documents/papers/dillon_2006.pdf},
  DOI = { http://dx.doi.org/10.1016/j.biocontrol.2006.03.004 }
}

@article{Rose2005,
  author = {Rose, D. and Leather, S. R. and Matthews, G. A.},
  title = {Recognition and avoidance of insecticide-treated Scots Pine (\textit{Pinus sylvestris}) by \textit{Hylobius abietis} (Coleoptera: Curculionidae): implications for pest management strategies},
  year = 2005,
  journal = {Agricultural and Forest Entomology},
  volume = {7},
  number = {},
  pages = {187--191},
  FILE = {~/Documents/papers/rose_2005.pdf},
  DOI = { http://dx.doi.org/10.1111/j.1461-9555.2005.00249.x }
}

@manual{Willoughby2017,
  author = {Willoughby, I. and Moore, R. and Nisbet, T.},
  title = {Interim guidance on the integrated management of \textit{Hylobius abietis} in UK forestry},
  institution = {Forest Research},
  year = 2017,
  FILE = {~/Documents/papers/willoughby_2017.pdf}
}

@article{Wallertz2014,
  author = {Wallertz, K. and Nordenhem, H. and Nordlander, G.},
  title = {Damage by the pine weevil \textit{Hylobius abietis} to seedlings of two native and five introduced tree species in Sweden},
  year = 2014,
  journal = {Silva Fennica},
  volume = {48},
  number = {4},
  pages = {1--14},
  FILE = {~/Documents/papers/wallertz_2014.pdf},
  DOI = { http://dx.doi.org/10.14214/sf.1188 }
}

@manual{ForestryStatistics2018,
  author = {},
  title = {Forestry Statistics 2018: A compendium of statistics about woodland, forestry and primary wood processing in the United Kingdom},
  institution = {Forestry Commission},
  year = 2018,
  FILE = {~/Documents/papers/forest_stats_2018.pdf}
}

@article{Donnelly2018,
  author = {Donnelly, K. and Cavers, S. and Cottrell, J. E. and Ennos, R. A.},
  title = {Cryptic genetic variation and adaptation to waterlogging in Caledonian Scots pine, \textit{Pinus sylvestris} L.},
  year = 2018,
  journal = {Ecology and Evolution},
  volume = {8},
  number = {},
  pages = {8665–-8675},
  FILE = {~/Documents/papers/donnelly_2018.pdf},
  DOI = { http://dx.doi.org/10.1002/ece3.4389 }
}

@article{Donnelly2016,
  author = {Donnelly, K. and Cavers, S. and Cottrell, J. E. and Ennos, R. A.},
  title = {Genetic variation for needle traits in Scots pine (\textit{Pinus sylvestris} L.)},
  year = 2016,
  journal = {Tree Genetics {\&} Genomes},
  volume = {12},
  number = {3},
  pages = {40},
  FILE = {~/Documents/papers/donnelly_2016.pdf},
  DOI = { http://dx.doi.org/10.1007/s11295-016-1000-4 }
}

@manual{RCoreTeam2019,
  title = {R: A Language and Environment for Statistical Computing},
  author = {{R Core Team}},
  organization = {R Foundation for Statistical Computing},
  address = {Vienna, Austria},
  year = 2019,
  URL = {https://www.R-project.org/},
}

@article{glmmTMB,
  author = {Mollie E. Brooks and Kristensen, K. and {van Benthem}, K. J. and Magnusson A. and Berg, C. W. and Nielsen, A. and Skaug, H. J. and Maechler, M. and Bolker, B. M.},
  title = {{glmmTMB} Balances Speed and Flexibility Among Packages for Zero-inflated Generalized Linear Mixed Modeling},
  year = 2017,
  journal = {The R Journal},
  URL = {https://journal.r-project.org/archive/2017/RJ-2017-066/index.html},
  pages = {378--400},
  volume = {9},
  number = {2}
}

@manual{MuMIn,
title = {MuMIn: Multi-Model Inference},
author = {Kamil Bartoń},
year = 2019,
note = {R package version 1.43.6},
url = {https://CRAN.R-project.org/package=MuMIn},
}

@article{Gill1992,
  author = {Gill, R. M. A.},
  title = {A review of damage by mammals in North temperate forests: 3. Impact on trees and forests},
  year = 1992,
  journal = {Forestry},
  volume = {65},
  number = {4},
  pages = {363--388},
  FILE = {~/Documents/papers/gill_1992.pdf},
  DOI = { http://dx.doi.org/10.1093/forestry/65.4.363-a }
}

@incollection{Alfaro1989,
  author = {Alfaro, R.},
  editor = {Alfaro, R. and Glover, S.},
  title = {Stem defects in Sitka spruce induced by Sitka spruce weevil, Pissodes strobi (Peck)},
  booktitle = {Insects affecting reforestation: biology and damage},
  year = 1989,
  pages = {177--185},
  publisher = {Forestry Canada},
  address = {Berlin, Germany},
  FILE = {~/Documents/papers/alfaro_1989.pdf},
  DOI = { http://dx.doi.org/10.13140/RG.2.1.3554.5122 }
}

@article{Mansson2004,
  author = {M\r{a}nsson, P. E. and Schlyter, F.},
  title = {\textit{Hylobius} pine weevils adult host selection and antifeedants: feeding behaviour on host and non-host woody scandinavian plants},
  year = 2004,
  journal = {Agricultural and Forest Entomology},
  volume = {6},
  number = {},
  pages = {165--171},
  FILE = {~/Documents/papers/mansson_2004.pdf},
  DOI = { http://dx.doi.org/10.1111/j.1461-9563.2004.00217.x }
}

@article{Manlove1997,
  author = {Manlove, J. D. and Styles, J. and Leather, S. R.},
  title = {Feeding of the adults of the large pine weevil, \textit{Hylobius abietis} (Coleoptera: Curculionidae)},
  year = 1997,
  journal = {European Journal of Entomology},
  volume = {94},
  number = {},
  pages = {153--156},
  FILE = {~/Documents/papers/manlove_1997.pdf},
  DOI = { http://dx.doi.org/ }
}

@article{Toivonen2006,
  author = {Toivonen, R. and Viiri, H.},
  title = {Adult large pine weevils Hylobius abietis feed on silver birch Betula pendula even in the presence of conifer seedlings},
  year = 2006,
  journal = {Agricultural and Forest Entomology},
  volume = {8},
  number = {},
  pages = {121--128},
  FILE = {~/Documents/papers/toivonen_2006.pdf},
  DOI = { http://dx.doi.org/10.1111/j.1461-9563.2006.00290.x }
}

@phdthesis{Rose2002,
  title = {Control of the Large Pine Weevil, \textit{Hylobius abietis}, L.},
  school = {Imperial College, London},
  year = 2002,
  author = {Rose, D.},
}

@article{Nordlander1986,
  author = {Nordlander, G. and Eidmann, H. H. and Jacobsson, U. and Nordenhem, H. and Sj\"{o}din, K.},
  title = {Orientation of the pine weevil \textit{Hylobius abietis} to underground sources of host volatiles},
  year = 1986,
  journal = {Entomologia Experimentalis et Applicata},
  volume = {41},
  number = {},
  pages = {91--100},
  FILE = {~/Documents/papers/nordlander_1986.pdf},
  DOI = { http://dx.doi.org/10.1111/j.1570-7458.1986.tb02177.x }
}

@article{Rahman2015,
  author = {Rahman, A. and Viiri, H. and Pelkonen, P. and Khanam, T.},
  title = {Have stump piles any effect on the pine weevil (\textit{Hylobius abietis} L.) incidence and seedling damage?},
  year = 2015,
  journal = {Global Ecology and Conservation},
  volume = {3},
  number = {},
  pages = {424--432},
  FILE = {~/Documents/papers/rahman_2015.pdf},
  DOI = { http://dx.doi.org/10.1016/j.gecco.2015.01.012 }
}

@article{Orlander1999,
  author = {\"{O}rdlander, G. and Nilsson, U.},
  title = {Effect of reforestation methods on pine weevil (\textit{Hylobius abietis}) damage and seedling survival},
  year = 1999,
  journal = {Scandinavian Journal of Forest Research},
  volume = {14},
  number = {},
  pages = {341--354},
  FILE = {~/Documents/papers/orlander_1999.pdf},
  DOI = { http://dx.doi.org/10.1080/02827589950152665 }
}

@manual{Evans2015,
  author = {Evans, H. and McAllister, F. and Saunders, T. and Moore, R. and Jenkins, T. and Butt, T. and Ansari, M. and Griffin, G. Williams, C. and Teck, R. and Sweeney, J.},
  title = {The Impact project guide to \textit{Hylobius} management 2015},
  institution = {Taliesin Communications},
  year = 2015,
  FILE = {~/Documents/papers/evans_2015.pdf},
  URL = { http://www.impactproject.eu/uploads/impact_hylobius_publications.pdf }
}

@article{Kapranas2017,
  author = {Kapranas, A. and Malone, B. and Quinn, S. and O'Tuama, P. and Peters, A. and Griffin, C. T.},
  title = {Optimizing the application method of entomopathogenic nematode suspension for biological control of large pine weevil \textit{Hylobius abietis}},
  year = 2017,
  journal = {BioControl},
  volume = {62},
  number = {},
  pages = {659--667},
  FILE = {~/Documents/papers/kapranas_2017.pdf},
  DOI = { http://dx.doi.org/10.1007/s10526-017-9824-x }
}

@article{McNamara2018,
  author = {{Mc Namara}, L. and Kapranas, A. and Williams, C. D. and O'Tuama, P. and Kavanagh, K. and Griffin, C. T.},
  title = {Efficacy of entomopathogenic fungi against large pine weevil \textit{Hylobius abietis}, and their additive effects when combined with entomopathogenic nematodes},
  year = 2018,
  journal = {Journal of Pest Science},
  volume = {91},
  number = {},
  pages = {1407--1419},
  FILE = {~/Documents/papers/mcnamara_2018.pdf},
  DOI = { http://dx.doi.org/10.1007/s10340-018-0994-9 }
}

@article{Heijari2011,
  author = {Heijari, J. and Blande, J. D. and Holopainen, J. K.},
  title = {Feeding of large pine weevil on Scots pine stem triggers localised bark and systemic shoot emission of volatile organic compounds},
  year = 2011,
  journal = {Environmental and Experimental Botany},
  volume = {71},
  number = {},
  pages = {390--398},
  FILE = {~/Documents/papers/heijari_2011.pdf},
  DOI = { http://dx.doi.org/10.1016/j.envexpbot.2011.02.008 }
}

@article{Kivimaenpaa2012,
  author = {Kivim\"{a}enp\"{a}\"{a}, M. and Magsarjav, N. and Ghimire, R. and Markkanen, J. and Heijari, J. and Vuorinen, M. and Holopainen, J. K.},
  title = {Influence of tree provenance on biogenic VOC emissions of Scots pine (\textit{Pinus sylvestris}) stumps},
  year = 2012,
  journal = {Atmospheric environment},
  volume = {60},
  number = {},
  pages = {477--485},
  FILE = {~/Documents/papers/kivimaenpaa_2012.pdf},
  DOI = { http://dx.doi.org/10.1016/j.atmosenv.2012.07.018 }
}

@article{Trapp2001,
  author = {Trapp, S. and Croteau, R.},
  title = {Defensive resin biosynthesis in Conifers},
  year = 2001,
  journal = {Annual Review of Plant Physiology and Plant Molecular Biology},
  volume = {52},
  number = {},
  pages = {689--724},
  FILE = {~/Documents/papers/trapp_2001.pdf},
  DOI = { http://dx.doi.org/10.1146/annurev.arplant.52.1.689 }
}

@article{Keeling2006,
  author = {Keeling, C. I. and Bohlmann, J.},
  title = {Genes, enzymes and chemicals of terpenoid diversity in the constitutive and induced defence of conifers against insects and pathogens},
  year = 2006,
  journal = {New Phytologist},
  volume = {170},
  number = {},
  pages = {657--675},
  FILE = {~/Documents/papers/keeling_2006.pdf},
  DOI = { http://dx.doi.org/10.1111/j.1469-8137.2006.01716.x }
}

@article{Telford2014,
  author = {Telford, A. and Cavers, S. and Cottrell, J. E.},
  title = {Can we protect forests by harnessing variation in resistance to pests and pathogens},
  year = 2014,
  journal = {Forestry},
  volume = {88},
  number = {},
  pages = {3--12},
  FILE = {~/Documents/papers/telford_2014.pdf},
  DOI = { http://dx.doi.org/10.1093/forestry/cpu012 }
}

@article{Alfaro2014,
  author = {Alfaro, R. I. and Fady, B. and Vendramin, G. G. and Dawson, I. K. and Fleming, R. A. and S\'{a}enz-Romero, C. and Lindig-Cisneros, R. A. and Murdock, T. and Vinceti, B. and Navarro, C. M. and Skr{\o}ppa, Baldinelly, G. and El-Kassaby, Y. A. and Loo, J.},
  title = {The role of forest genetic resources in responding to biotic and abiotic factors in the context of anthropogenic climate change},
  year = 2014,
  journal = {Forest Ecology and Management},
  volume = {333},
  number = {},
  pages = {76--87},
  FILE = {~/Documents/papers/alfaro_2014.pdf},
  DOI = { http://dx.doi.org/10.1016/j.foreco.2014.04.006 }
}

@manual{Heritage2001,
  author = {Heritage, S. and Moore, R.},
  title = {The assessment of site characteristics as part of a management strategy to reduce damage by \textit{Hylobius}},
  year = 2000,
  institution = {Information Note - Forestry Commission},
  number = {38},
  pages = {5 pp.},
  ISSN = { 1460-3802 }
}

@article{Mian1992,
  author = {Mian, L. S. and Mulla, M. S.},
  title = {Effects of pyrethroid insecticides on nontarget invertebrates in aquatic ecosystems},
  year = 1992,
  journal = {Journal of Agricultural Entomology},
  volume = {9},
  number = {2},
  pages = {73--98},
  FILE = {~/Documents/papers/mian_1992.pdf},
  DOI = { http://dx.doi.org/ }
}

@article{Antwi2015,
  author = {Antwi, F. B. and Reddy, G. V. P.},
  title = {Toxicological effects of pyrethroids on non-target aquatic insects},
  year = 2015,
  journal = {Environmental Toxicology and Pharmacology},
  volume = {40},
  number = {},
  pages = {915--923},
  FILE = {~/Documents/papers/antwi_2015.pdf},
  DOI = { http://dx.doi.org/10.1016/j.etap.2015.09.023 }
}

@article{Nordlander1987,
  author = {Nordlander, G.},
  title = {A method for trapping \textit{Hylobius abietis} (L.) with a standardized bait and its potential for forecasting seedling damage},
  year = 1987,
  journal = {Scandinavian Journal of Forest Research},
  volume = {2},
  number = {},
  pages = {199--213},
  FILE = {~/Documents/papers/nordlander_1987.pdf},
  DOI = { http://dx.doi.org/10.1080/02827588709382458 }
}

@article{Tilles1986,
  author = {Tilles, D. A. and Sj\"{o}din, K. and Nordlander, G. and Eidmann, H. H.},
  title = {Synergism between ehtanol and conifer host volatiles as attractants for the pine weevil, \textit{Hylobius abietis} (L.) (Coleoptera: Curcolionidae)},
  year = 1986,
  journal = {Journal of Economic Entomology},
  volume = {79},
  number = {4},
  pages = {970--973},
  FILE = {~/Documents/papers/tilles_1986.pdf},
  DOI = { http://dx.doi.org/10.1093/jee/79.4.970 }
}

@article{Byun2006,
  author = {Byun-McKay, A. and Godard, K. and Toudefallah, M. and Martin, D. M. and Alfaro, R. and King, J. and Bohlmann, J. and Plant, A. L.},
  title = {Wound-induced terpene synthase gene expression in sitka spruce that exhibit resistance or susceptibility to attack by the white pine weevil},
  year = 2006,
  journal = {Plant Physiology},
  volume = {140},
  number = {},
  pages = {1009--1021},
  FILE = {~/Documents/papers/byun_2006.pdf},
  DOI = { http://dx.doi.org/10.1104/pp.105.071803 }
}

@article{Alfaro2013,
  author = {Alfaro, R. I. and King, J. N. and {vanAkker}, L.},
  title = {Delivering sitka spruce with resistance against white pine weevil in British Columbia, Canada},
  year = 2013,
  journal = {The Forestry Chronicle},
  volume = {89},
  number = {2},
  pages = {235--245},
  FILE = {~/Documents/papers/alfaro_2013.pdf},
  DOI = { http://dx.doi.org/10.5558/tfc2013-042 }
}

@article{Mason2004,
  author = {Mason, W. L. and Hampson, A. and Edwards, C.},
  title = {Managing the pinewoods of Scotland},
  publisher = {Forestry Commission},
  address = {Edinburgh},
  year = 2004,
  FILE = {~/Documents/papers/mason_2004.pdf}
}

@article{Perry2016,
  author = {Perry, A. and Wachowiak, W. and Brown, A. V. and Ennos, R. A. and Cottrell, J. E. and Cavers, S.},
  title = {Substantial heritable variation for susceptibility to \textit{Dothistroma septosporum} within populations of native British scos pine (\textit{Pinus sylvestris})},
  year = 2016,
  journal = {Plant Pathology},
  volume = {65},
  number = {},
  pages = {987--996},
  FILE = {~/Documents/papers/perry_2016.pdf},
  DOI = { http://dx.doi.org/10.1111/ppa.12528 }
}

@article{Salmela2013,
  author = {Salmela, M. J. and Cavers, S. and Cottrell, J. E. and Iason, G. R. and Ennos, R. A.},
  title = {Spring phenology shows genetic variation among and within populations in seedlings of Scots pine (\textit{Pinus sylvestris} L.) in the Scottish Highlands},
  year = 2013,
  journal = {Plant Ecology \& Diversity},
  volume = {6},
  number = {3-4},
  pages = {523--536},
  FILE = {~/Documents/papers/salmela_2013.pdf},
  DOI = { http://dx.doi.org/10.1080/17550874.2013.795627 }
}


@misc{GBIF2019,
  author = {{GBIF}},
  title = {GBIF Occurrence Download},
  year = 2019,
  publisher = {Global Biodiversity Information Facility, Denmark},
  date = {02 August 2019},
  DOI = { http://dx.doi.org/10.15468/dl.cpbxve }
}

@article{Gonzalez2018,
  author = {Gonz\'{a}lez-Diaz, P. and Cavers, S. and Iason, G. R. and Booth, A. and Russell, J. and Jump, A. S.},
  title = {Weak isolation by distance and geographic diversity gradients persist in Scottish relict pine forest},
  year = 2018,
  journal = {iForest},
  volume = {11},
  number = {},
  pages = {449--458},
  FILE = {~/Documents/papers/gonzalez_2018.pdf},
  DOI = { http://dx.doi.org/10.3832/ifor2454-011 }
}

@article{Nordenhem1989,
  author = {Nordenhem, H.},
  title = {Age, sexual development, and seasonal occurrence of the pine weevil \textit{Hylobius abietis} (L.)},
  year = 1989,
  journal = {Journal of Applied Entomology},
  volume = {108},
  number = {},
  pages = {260--270},
  FILE = {~/Documents/papers/nordenhem_1989.pdf},
  DOI = { http://dx.doi.org/10.1111/j.1439-0418.1989.tb00456.x }
}


@article{Inward2012,
  author = {Inward, D. J. G. and Wainhouse, D. and Peace, A.},
  title = {The effect of temperature on the development and life cycle regualtion of the pine weevil \textit{Hylobius abietis} and the potential impacts of climate change},
  year = 2012,
  journal = {Agricultural and Forest Entomology},
  volume = {14},
  number = {},
  pages = {348--357},
  FILE = {~/Documents/papers/inward_2012.pdf},
  DOI = { http://dx.doi.org/10.1111/j.1461-9563.2012.00575.x }
}

@incollection{Gershenzon1991,
  author = {Gershenzon, J. and Croteau, R.},
  title = {Terpenoids},
  editor = {Rosonthal, G. A. and Berenbaum, M.},
  booktitle = {Herbivores: Their interactions with secondary plant metabolites},
  publisher = {Elsevier Science},
  address = {Oxford, UK},
  year = 1991,
  pages = {165--219}
}

@article{Eyles2009,
  author = {Eyles, A. and Bonello, P. and Ganley, R. and Mohammed, C.},
  title = {Induced resistance to pests and pathogens in trees},
  year = 2009,
  journal = {New Phytologist},
  volume = {185},
  number = {},
  pages = {893--908},
  FILE = {~/Documents/papers/eyles_2009.pdf},
  DOI = { http://dx.doi.org/10.1111/j.1469-8137.2009.03127.x }
}

@article{Schiebe2012,
  author = {Schiebe, C. and Hammerbacher, A. and Birgersson, G. and Witzell, J. and Brodelius, P. E. and Gershenzon, J. and Hansson, B. S. and Krokene, P. and Schlyter, F.},
  title = {Inducibility of chemical defenses in Norway spruce bark is correlated with unsuccessful mass attacks by the spruce bark beetle},
  year = 2012,
  journal = {Oecologia},
  volume = {170},
  number = {},
  pages = {183--198},
  FILE = {~/Documents/papers/schiebe_2012.pdf},
  DOI = { http://dx.doi.org/10.1007/s00442-012-2298-8 }
}

@manual{Cheffings2005,
  author = {Dines, T. D. and Jones, R. A. and Leach, S. J. and McKean, D. R. and Pearman, D. A. and Preston, C. D. and Rumsey, F. J. and Taylor, I.},
  title = {The Vascular Plant Red Data List for Great Britain. Species Status 7},
  editor = {Cheffings, C. M. and Farell, L.},
  publisher = {Joint Nature Conservation Committee},
  address = {Peterborough},
  year = 2005,
  pages = {1--116}
}

@article{Edwards2006,
  author = {Edwards, C. E. and Mason, W. L.},
  title = {Stand structure and dynamics of four native scots pine (\textit{Pinus sylvestris} L.) woodlands in northern Scotland},
  year = 2006,
  journal = {Forestry},
  volume = {79},
  number = {},
  pages = {261--277},
  FILE = {~/Documents/papers/edwards_2006.pdf},
  DOI = { http://dx.doi.org/10.1093/forestry/cpl014 }
}


@article{Carlisle1968,
  author = {Carlisle, A. and Brown, A. H. F.},
  title = {Pinus sylvestris, L.},
  year = 1968,
  journal = {Journal of Ecology},
  volume = {56},
  number = {1},
  pages = {269--307},
  FILE = {~/Documents/papers/carlisle_1968.pdf},
  DOI = { http://dx.doi.org/10.2307/2258078 }
}

@article{Kiss1991,
  author = {Kiss, G. K. and Yanchuk, A. D.},
  title = {Preliminary evaluation of genetic variation of weevil resistance in interior spruce in British Columbia},
  year = 1991,
  journal = {Canadian Journal of Forest Research},
  volume = {21},
  number = {2},
  pages = {230--234},
  FILE = {~/Documents/papers/kiss_1991.pdf},
  DOI = { http://dx.doi.org/10.1139/x91-028 }
}

@article{King2011,
  author = {King, J. N. and Alfaro, R. I. and Lopez, M. G. and {van Akker}, L.},
  title = {Resistance of sitka spruce (\textit{Picea sitchensis} (Bong.) Carr.) to white pine weevil (\textit{Pissodes strobi} Peck): characterizing the bark defence mechanisms of resistant populations},
  year = 2011,
  journal = {Forestry},
  volume = {84},
  number = {1},
  pages = {83--91},
  FILE = {~/Documents/papers/king_2011.pdf},
  DOI = { http://dx.doi.org/10.1093/forestry/cpq047 }
}

@article{Williams2013,
  author = {Williams, C. D. and Dillon, A. B. and Harvey, C. D. and Hennessy, R. and McNamara, L. and Griffin, C. T.},
  title = {Control of a major pest of forestry, \textit{Hylobius abietis}, with entomopathogenic nematodes and fungi using eradicant and prophylactic strategies},
  year = 2013,
  journal = {Forest Ecology and Management},
  volume = {305},
  number = {},
  pages = {212--222},
  FILE = {~/Documents/papers/williams_2013.pdf},
  DOI = { http://dx.doi.org/10.1016/j.foreco.2013.05.055 }
}

@article{Wainhouse2014,
  author = {Wainhouse, D. and Inward, D. J. G. and Morgan, G.},
  title = {Modelling geographical variation in voltinism of \textit{Hylobius abietis} under climate change and implications for management},
  year = 2014,
  journal = {Agricultural and Forest Entomology},
  volume = {16},
  number = {},
  pages = {136--146},
  FILE = {~/Documents/papers/wainhouse_2014.pdf},
  DOI = { http://dx.doi.org/10.1111/afe.12043 }
}

@article{Boucher2001,
  author = {Boucher, D. and Lavall\'{e}e, R. and Mauffette, Y.},
  title = {Biological performance of the white pine weevil in relation to the anatomy of the resin canal system of four different host species},
  year = 2001,
  journal = {Canadian Journal of Forest Research},
  volume = {31},
  number = {},
  pages = {2035--2041},
  FILE = {~/Documents/papers/boucher_2001.pdf},
  DOI = { http://dx.doi.org/10.1139/cjfr-31-11-2035 }
}

@manual{Russell2019,
  title = {emmeans: Estimated Marginal Means, aka Least-Squares Means},
  author = {Russell L.},
  year = 2019,
  note = {R package version 1.3.5.1},
  url = {https://CRAN.R-project.org/package=emmeans},
}

@article{Farrell1991,
  author = {Farrell, B. D. and Dussourd, D. E. and Mitter, C.},
  title = {Escalation of plant defense: do latex and resin canals spur plant diversification?},
  year = 1991,
  journal = {The American Naturalist},
  volume = {138},
  number = {4},
  pages = {881--900},
  FILE = {~/Documents/papers/farrell_1991.pdf},
  DOI = { http://dx.doi.org/10.1086/285258 }
}

@article{Guenther1997,
  author = {Guenther, A.},
  title = {Seasonal and spatial variations in natural volatile organic compound emissions},
  year = 1997,
  journal = {Ecological Applications},
  volume = {7},
  number = {1},
  pages = {34--45},
  FILE = {~/Documents/papers/guenther_1997.pdf},
  DOI = { http://dx.doi.org/10.1890/1051-0761(1997)007[0034:SASVIN]2.0.CO;2 }
}

@article{Yazdani1985,
  author = {Yazdani, R. and Nilsson, J. E. and Ericsson, T.},
  title = {Geographical variation in the relative proportion of monoterpenes in cortical oleoresin of Pinus sylvestris in Sweden},
  year = 1985,
  journal = {Silvae Genetica},
  volume = {34},
  number = {6},
  pages = {201--207},
  FILE = {~/Documents/papers/yazdani_1985.pdf},
  DOI = { http://dx.doi.org/ }
}

@article{Nordlander1990,
  author = {Nordlander, G.},
  title = {Limonene inhibits attraction to alpha-pinene in the pine weevils \textit{Hylobius abietis} and \textit{H. pinastri}},
  year = 1990,
  journal = {Journal of Chemical Ecology},
  volume = {16},
  number = {4},
  pages = {1307--1320},
  FILE = {~/Documents/papers/nordlander_1990.pdf},
  DOI = { http://dx.doi.org/10.1007/BF01021028 }
}

@article{zeleis2008,
  author = {Zeileis, A. and Kleiber, C. and Jackman, S.},
  title = {Regression models for count data in R},
  year = 2008,
  journal = {Journal of Statistical Software},
  volume = {27},
  number = {8},
  pages = {1--25},
  FILE = {~/Documents/papers/zeileis_2008.pdf},
  DOI = { http://dx.doi.org/10.18637/jss.v027.i08 }
}

@article{Heinzl2003,
  author = {Heinzl, H. and Mittlb{\"o}ck},
  title = {Pseudo r-squared measures for poisson regression models with over- or underdispersion},
  year = 2003,
  journal = {Computational Statistics \& Data Analysis},
  volume = {44},
  number = {},
  pages = {253--271},
  FILE = {~/Documents/papers/heinzl_2003.pdf},
  DOI = { http://dx.doi.org/10.1016/S0167-9473(03)00062-8 }
}

@article{Zuur2010,
  author = {Zuur, A. F. and Ieno, E. N. and Elphick, C. S.},
  title = {A protocol for data exploration to avoid common statistical problems},
  year = 2010,
  journal = {Methods in Ecology and Evolution},
  volume = {1},
  number = {},
  pages = {3--14},
  FILE = {~/Documents/papers/zuur_2010.pdf},
  DOI = { http://dx.doi.org/0.1111/j.2041-210X.2009.00001.x }
}

@article{Hara2010,
  author = {{O'Hara}, R. B. and Kotze, D. J.},
  title = {Do not log-transform count data},
  year = 2010,
  journal = {Methods in Ecology and Evolution},
  volume = {1},
  number = {},
  pages = {118-122},
  FILE = {~/Documents/papers/hara_2010.pdf},
  DOI = { http://dx.doi.org/10.1111/j.2041-210X.2010.00021.x }
}

@article{Macfarlane2014,
  author = {Macfarlane, C. and Ryu, Y. and Ogden, G. N. and Sonnentag, O.},
  title = {Digital canopy photography: exposed and in the raw},
  year = 2014,
  journal = {Agricultural and Forest Meteorology},
  volume = {197},
  number = {},
  pages = {254--253},
  FILE = {~/Documents/papers/macfarlane_2014.pdf},
  DOI = { http://dx.doi.org/10.1016/j.agrformet.2014.05.014 }
}

@article{Tomczak2014,
  author = {Tomczak, M. and Tomczak, E.},
  title = {The need to report effect size estimates revisited. An overview of some recommended measures of effect size},
  year = 2014,
  journal = {Trends in Sport Sciences},
  volume = {1},
  number = {21},
  pages = {19--25},
  FILE = {~/Documents/papers/tomczak_2014.pdf},
  DOI = { http://dx.doi.org/ }
}

@article{Yuan2019,
  author = {Yuan, Z. and Ali, A. and Wang, S. and Wang, X. and Lin, F. and Wang, Y. and Fang, S. and Hao, Z. and Loreau, M. and Jiang, L.},
  title = {Temporal stability of aboveground biomass is governed by species asynchrony in temperate forests},
  year = 2019,
  journal = {Ecological Indicators},
  volume = {107},
  number = {},
  pages = {1--9},
  FILE = {~/Documents/papers/yuan_2019.pdf},
  DOI = { http://dx.doi.org/10.1016/j.ecolind.2019.105661 }
}

@article{McNicol2018,
  author = {McNicol, I. M. and Ryan, C. M. and Dexter, K. G. and Ball, S. M. J. and Williams, M.},
  title = {Aboveground carbon storage and its links to stand structure, tree diversity and floristic composition in south-eastern {Tanzania}},
  year = 2018,
  journal = {Ecosystems},
  volume = {21},
  number = {},
  pages = {740--754},
  FILE = {~/Documents/papers/mcnicol_2018.pdf},
  DOI = { http://dx.doi.org/10.1007/s10021-017-0180-6 }
}


@article{Sande2017,
  author = {{van der Sande}, Pe{\~n}a-Claros, M. and Ascarrunz, N. and Arets, E. J. M. M. and Licona, J. C. and Toledo, M. and Poorter, L.},
  title = {Abiotic and biotic drivers of biomass change in a Neotropical forest},
  year = 2017,
  journal = {Journal of Ecology},
  volume = {105},
  number = {5},
  pages = {1223-1234},
  FILE = {~/Documents/papers/sande_2017.pdf},
  DOI = { http://dx.doi.org/10.1111/1365-2745.12756 }
}

@article{Poorter2015,
  author = {Poorter, L. and {van de Sande}, M. T. and Thompson, J. and Arets, E. J. M. M. and Alarc{\`o}n, A. and {\`A}lvarez-S{\`a}nchez, J. and Ascarrunz, N. and Balvanera, P. and Barajas-Guzm{\`a}n, G. and Boit, A. and Bongers, F. and Carvalho, F. A. and Casanoves, F. and Cornejo-Tenorio, G. and Costa, F. R. C. and {de Castilho}, C. V. and Duivenvoorden, J. F. and Dutrieux, L. P. and Enquist, B. J. and Fern{\`a}ndez-M{\`e}ndez, F. and Finegan, B. and Gormley, L. H. L. and Healey, J. R. and Hoosbeek, M. R. and Ibarra-Manr{\`i}quez, G. and Junqueira, A. B. and Levis, C. and Licona, J. C. and Lisboa, L. S. and Magnusson, W. E. and Mart{\`i}nez-Ramos, M. and Mart{\`i}nez-Yrizar, A. and Martorano, L. G. and Maskell, L. C. and Mazzei, L. and Meave, J. A. and Mora, F. and Mu{\~n}oz, R. and Nytch, C. and Pansonato, M. P. and Parr, T. W. and Paz, H. and P{\`e}rez-Garc{\`i}a, E. A. and Renter{\`i}a, L. Y. and Rodr{\`i}guez-Velazquez, J. and Rozendaal, D. M. A. and Ruschel, A. R. and Sakschewski, B. and Salgado-Negret, B. and Schietti, J. and Sim{\~o}es, M. and Sinclair, F. L. and Souza, P. F. and Souza, F. C. and Stropp, J. and {ter Steege}, H. and Swenson, N. G. and Thonicke, K. and Toledo, M. and Uriarte, M. and {van der Hout}, P. and Walker, P. and Zamora, N. and Pe{\~n}a-Claros, M.},
  title = {Diversity enhances carbon storage in tropical forests},
  year = 2015,
  journal = {Global Ecology and Biogeography},
  volume = {24},
  number = {},
  pages = {1314--1328},
  FILE = {~/Documents/papers/poorter_2015.pdf},
  DOI = { http://dx.doi.org/10.1111/geb.12364 }
}

@article{Fayolle2018,
  author = {Fayolle, A. and Swaine, M. D. and Aleman, J. and Azihou, A. F. and Bauman, D. and {te Beest}, M. and Chidumayo, E. N. and Cromsigt, J. P. G. M. and Dessard, H. and Finkch, M. and Gon\c{c}alves, F. M. P. and Gillet, J. and Gorel, A. and Hick, A. and Holdo, R. and Kirunda, B. and Mahy, G. and McNicol, I. and Ryan, C. M. and Revermann, R. and Plumptre, A. and Pritchard, R. and Nieto-Quintano, P. and Schmitt, C. B. and Seghieri, J. and Swemmer, A. and Talila, H. and Woollen, E.},
  title = {A sharp floristic discontinuity revealed by the biogeographic regionalization of {African} savannas},
  year = 2018,
  journal = {Journal of Biogeography},
  volume = {46},
  number = {2},
  pages = {1--12},
  FILE = {~/Documents/papers/fayolle_2018.pdf},
  DOI = { http://dx.doi.org/10.1111/jbi.13475 }
}

@article{Jost2007,
  author = {Jost, L.},
  title = {Partitioning diversity into independent alpha and beta components},
  year = 2007,
  journal = {Ecology},
  volume = {88},
  number = {10},
  pages = {2427--2439},
  FILE = {~/Documents/papers/jost_2007.pdf},
  DOI = { http://dx.doi.org/ }
}

@article{Tuomisto2010,
  author = {Tuomisto, H.},
  title = {A diversity of beta diversities: straightening up a concept gone awry. Part 1. Defining beta diversity as a function of alpha and gamma diversity},
  year = 2010,
  journal = {Ecography},
  volume = {33},
  number = {},
  pages = {2--22},
  FILE = {~/Documents/papers/tuomisto_2010.pdf},
  DOI = { http://dx.doi.org/10.1111/j.1600-0587.2009.05880.x }
}

@misc{Jost2019,
  title = {Effective number of species},
  author = {Jost, L.},
  year = 2019,
  howpublished = {http://www.loujost.com/},
  note = {Accessed: 2019-09-03}
}

@article{Jost2006,
  author = {Jost, L.},
  title = {Entropy and diversity},
  year = 2006,
  journal = {Oikos},
  volume = {113},
  number = {2},
  pages = {363--375},
  FILE = {~/Documents/papers/jost_2006.pdf},
  DOI = { http://dx.doi.org/10.1111/j.2006.0030-1299.14714.x }
}

@article{Morris2014,
  author = {Morris, E. K. and Caruso, T. and Buscot, F. and Fischer, M. and Hancock, C. and Maier, T. S. and Meiners, T. and M\"{u}ller, C. and Obermaier, E. and Prati, D. and Socher, S. A. and Sonnemann, I. and W\"{a}schke, N. and Wubet, T. and Wurst, S. and Rillig, M. C.},
  title = {Choosing and using diversity indices: insights for ecological applications from the German Biodiversity Exploratories},
  year = 2014,
  journal = {Ecology and Evolution},
  volume = {4},
  number = {18},
  pages = {3514--3524},
  FILE = {~/Documents/papers/morris_2014.pdf},
  DOI = { http://dx.doi.org/10.1002/ece3.1155 }
}

@article{Anderson2011,
  author = {Anderson, M. J. and Crist, T. O. and Chase, J. M. and Vellend, M. and Inouye, B. D. and Freestone, A. L. and Sanders, N. J. and Cornell, H. V. and Comita, L. S. and Davies, K. F. and Harrison, S. P. and Kraft, N. J. B. and Stegan, J. C. and Swenson, N. G.},
  title = {Navigating the multiple meanings of {$\beta$} diversity: a roadmap for the practicing ecologist},
  year = 2011,
  journal = {Ecology Letters},
  volume = {14},
  number = {},
  pages = {19--28},
  FILE = {~/Documents/papers/anderson_2011.pdf},
  DOI = { http://dx.doi.org/10.1111/j.1461-0248.2010.01552.x }
}

@article{Seidel2019,
  author = {Seidel, D. and Ehbrecht, M. and Dorji, Y. and Jambay, J. and Ammer, C. and Annigh{\"o}fer, P.},
  title = {Identifying architectural characteristics that determine tree structural complexity},
  year = 2019,
  journal = {Trees},
  volume = {33},
  number = {3},
  pages = {911--919},
  FILE = {~/Documents/papers/seidel_2019.pdf},
  DOI = { http://dx.doi.org/10.1007/s00468-019-01827-4 }
}

@article{Zhu2018,
  author = {Zhu, X. and Skidmore, A. K. and Wang, T. and Liu, J. and Darvishzadeh, R. and Shi, Y. and Premier, J. and Heurich, M.},
  title = {Improving leaf area index (LAI) estimation by correcting for clumping and woody effects using terrestrial laser scanning},
  year = 2018,
  journal = {Agricultural and Forest Meteorology},
  volume = {263},
  number = {},
  pages = {276--286},
  FILE = {~/Documents/papers/zhu_2018.pdf},
  DOI = { http://dx.doi.org/10.1016/j.agrformet.2018.08.026 }
}

@article{Dimitrov2006,
  author = {Dimitrov, D. M.},
  title = {Comparing groups on latent variables: A structural equation modeling approach},
  year = 2006,
  journal = {Work},
  volume = {26},
  number = {},
  pages = {429--436},
  FILE = {~/Documents/papers/dimitrov_2006.pdf},
  DOI = { http://dx.doi.org/ }
}


@article{Ricotta2006,
  author = {Ricotta, C. and Szeidl, L.},
  title = {Towards a unifying approach to diversity measures: Bridging the gap between the Shannon entropy and Rao's quadratic index},
  year = 2006,
  journal = {Theoretical Population Biology},
  volume = {70},
  number = {},
  pages = {237--243},
  FILE = {~/Documents/papers/ricotta_2006.pdf},
  DOI = { http://dx.doi.org/10.1016/j.tpb.2006.06.003 }
}

@manual{Schwalbe2005,
  author = {Schwalbe, E.},
  title = {Geometric modelling and calibration of fisheye lens camera systems},
  year = 2005,
  note = {Unpublished report},
  publisher = {Institute of Photogrammetry and Remote Sensing},
  address = {Dresden University of Technology, Germany}
}

@article{Greenwell2019,
  author = {Greenwell, M. P. and Brereton, T. and Day, J. C. and Roy, D. B. and Oliver, T. H.},
  title = {Predicting resilience of ecosystem functioning from co-varying species' responses to environmental change},
  year = 2019,
  journal = {Ecology and Evolution},
  volume = {},
  number = {},
  pages = {1--16},
  FILE = {~/Documents/papers/greenwell_2019.pdf},
  DOI = { http://dx.doi.org/10.1002/ece3.5679 }
}

@article{Luo2018,
  author = {Luo, W. and Liang, J. and Gatti, R. C. and Zhao, X. and Zhang, C.},
  title = {Parameterization of biodiversity-productivity relationship and its scale dependency using georeferenced tree-level data},
  year = 2018,
  journal = {Journal of Ecology},
  volume = {},
  number = {},
  pages = {1--14},
  FILE = {~/Documents/papers/luo_2018.pdf},
  DOI = { http://dx.doi.org/10.1111/1365-2745.13129 }
}

@article{Randle2018,
  author = {Randle, M. and Stevens, N. and Midgley, G.},
  title = {Comparing the differential effects of canopy shading by \textit{Dichrostachys cinerea} and \textit{Terminalia sericea} on grass biomass},
  year = 2018,
  journal = {South African Journal of Botany},
  volume = {119},
  number = {},
  pages = {271--277},
  FILE = {~/Documents/papers/randle_2018.pdf},
  DOI = { http://dx.doi.org/10.1016/j.sajb.2018.09.026 }
}

@article{Chave2009,
  author = {Chave, J. and Coomes, D. and Jansen, S. and Lewis, S. L. and Swenson, N. G. and Zanne, A. E.},
  title = {Towards a worldwide wood economics spectrum},
  year = 2009,
  journal = {Ecology Letters},
  volume = {12},
  number = {},
  pages = {351--366},
  FILE = {~/Documents/papers/chave_2009.pdf},
  DOI = { http://dx.doi.org/10.1111/j.1461-0248.2009.01285.x }
}

@article{Shipley2013,
  author = {Shipley, B.},
  title = {The AIC model selection method applied to path analytic models compared using a d-separation test},
  year = 2013,
  journal = {Ecology},
  volume = {94},
  number = {3},
  pages = {560--564},
  FILE = {~/Documents/papers/shipley_2013.pdf},
  DOI = { http://dx.doi.org/10.1890/12-0976.1 }
}

@manual{HoC2016,
  title = {Debate Pack: Tree Planting in the UK},
  author = {Priestley, S. and Sutherland, N.},
  organization = {House of Commons},
  address = {London, United Kingdom},
  year = 2016,
  FILE = {~/Documents/papers/tree_planting_hoc_debate_pack.pdf}
}

@article{Baker2008,
  author = {Baker, N.},
  title = {Chlorophyll fluorescence: A probe of photosynthesis in vivo},
  year = 2008,
  journal = {Annual Review of Plant Biology},
  volume = {59},
  number = {},
  pages = {89--113},
  FILE = {~/Documents/papers/baker_2008.pdf},
  DOI = { http://dx.doi.org/10.1146/annurev.arplant.59.032607.092759 }
}

@article{Messinger2016,
  author = {Messinger, M. and Asner, G. P. and Silman, M.},
  title = {Rapid assessments of Amazon forest structure and biomass using small unmanned aerial systems},
  year = 2016,
  journal = {Remote Sensing},
  volume = {8},
  number = {615},
  pages = {1--15},
  FILE = {~/Documents/papers/messinger_2016.pdf},
  DOI = { http://dx.doi.org/10.3390/rs8080615 }
}

@article{Palace2015,
  author = {Palace, M. W. and Sullivan, F. B. and Ducey, M. J. and Treuhaft, R. N. and Herrick, C. and Shimbo, J. Z. and Mota-E-Silva, J.},
  title = {Estimating forest structure in a tropical forest using field measurements, a synthetic model and discrete return lidar data},
  year = 2015,
  journal = {Remote Sensing of Environment},
  volume = {161},
  number = {},
  pages = {1--11},
  FILE = {~/Documents/papers/palace_2015.pdf},
  DOI = { http://dx.doi.org/10.1016/j.rse.2015.01.020 }
}

@manual{Herzog2011,
  editor = {Herzog, S. K. and Mart\`{i}nez, R. and J{\o}rgensen, P. M. and Tiessen, H.},
  author = {Young, B. E. and Young, K. R. and Josse, C.},
  title = {Vulnerability of tropical Andean ecosystems to climate change},
  booktitle = {Climate change and biodiversity in the tropical Andes},
  year = 2011,
  pages = {170--181},
  publisher = {Inter-American Institute for Global Change Research (IAI) and Scientific Committe on Problems of the Environment (SCOPE)},
  FILE = {~/Documents/papers/herzog_2011.pdf}
}

@article{Lin2017,
  author = {Lin, L. and Huang, P. and Weng, L.},
  title = {Selecting path models in SEM: A comparison of model selection criteria},
  year = 2017,
  journal = {Structural Equation Modeling: A Multidisciplinary Journal},
  volume = {24},
  number = {6},
  pages = {855--869},
  FILE = {~/Documents/papers/lin_2017.pdf},
  DOI = { http://dx.doi.org/10.1080/10705511.2017.1363652 }
}

@manual{Gotelli2013,
  author = {Gotelli, N. J. and Chao, A.},
  editor = {Levin, S. A.},
  title = {Measuring and estimating species richness, species diversity, and biotic similarity from sampling data},
  booktitle = {Encyclopedia of Biodiversity},
  year = 2013,
  pages = {195--211},
  publisher = {Elsevier},
  address = {Waltham, MA, USA},
  FILE = {~/Documents/papers/gotelli_2013.pdf},
}


@article{Colwell2012,
  author = {Colwell, R. K and Chao, A. and Gotelli, N. J. and Lin, S. and Mao, C. X. and Chazdon, R. L. and Longino, J. T.},
  title = {Models and estimators linking individual-based and sample-based rarefaction, extrapolation and comparison of assemblages},
  year = 2012,
  journal = {Journal of Plant Ecology},
  volume = {5},
  number = {1},
  pages = {3--21},
  FILE = {~/Documents/papers/colwell_2012.pdf},
  DOI = { http://dx.doi.org/10.1093/jpe/rtr044 }
}

@article{Chao2014,
  author = {Chao, A. and Gotelli, N. J. and Hsieh, T. C. and Sandrr, E. L. and Ma, K. H. and Colwell, R. K. and Ellison, A. M.},
  title = {Rarefaction and extrapolation with Hill numbers: a framework for sampling and estimation in species diversity studies},
  year = 2014,
  journal = {Ecological Monographs},
  volume = {84},
  number = {1},
  pages = {45--67},
  FILE = {~/Documents/papers/chao_2014.pdf},
  DOI = { http://dx.doi.org/10.1890/13-0133.1 }
}

@article{Chao2012,
  author = {Chao, A. and Jost, L.},
  title = {Coverage-based rarefaction and extrapolation: standardizing samples by completeness rather than size},
  year = 2012,
  journal = {Ecology},
  volume = {93},
  number = {12},
  pages = {2533--2547},
  FILE = {~/Documents/papers/chao_2012.pdf},
  DOI = { http://dx.doi.org/10.1890/11-1952.1 }
}

@article{Hengl2017,
  author = {Hengl, T. and {Mendes de Jesus}, J. and Heuvelink, G. B. M. and Gonzalez, M. R. and Kilibarda, M. and Blagoti{\'c}, A. and Shangguan, W. and Wright, M. N. and Geng, X. and {Bauer-Marschallinger}, B. and Guevara, M. A. and Vargas, R. and MacMillan, R. A. and Batjes, N. H. and Leenaars, J. G. B. and Ribeiro, E. and Wheeler, I. and Mantel, S. and Kempen, B.},
  title = {SoilGrids250m: global gridded soil information based on machine learning},
  year = 2017,
  journal = {PLoS ONE},
  volume = {12},
  number = {2},
  pages = {1--40},
  FILE = {~/Documents/papers/hengl_2017.pdf},
  DOI = { http://dx.doi.org/10.1371/journal. pone.0169748 }
}

@article{Schreiber2006,
  author = {Schreiber, J. B. and Stage, F. K. and King, J. and Nora, A. and Barlow, E. A.},
  title = {Reporting structural equation modeling and confirmatory factor analysis results: A review},
  year = 2006,
  journal = {The Journal of Educational Research},
  volume = {99},
  number = {6},
  pages = {323--338},
  FILE = {~/Documents/papers/schreiber_2006.pdf},
  DOI = { http://dx.doi.org/10.3200/JOER.99.6.323-338 }
}

@article{Hsieh2016,
  author = {Hsieh, T. C. and Ma, K. H. and Chao, A.},
  title = {{iNEXT}: an {R} package for rarefaction and extrapolation of species diversity ({Hill} numbers)},
  year = 2016,
  journal = {Methods in Ecology and Evolution},
  volume = {7},
  number = {},
  pages = {1451--1456},
  FILE = {~/Documents/papers/hsieh_2016},
  DOI = { http://dx.doi.org/10.1111/2041-210X.12613 }
}

@article{Searle2019,
  author = {Searle, E. B. and Chen, H. Y. H.},
  title = {Complementarity effects are strengthened by competition intensity and global environmental change in the central boreal forests of Canada},
  year = 2019,
  journal = {Ecology Letters},
  volume = {},
  number = {},
  pages = {1--9},
  FILE = {~/Documents/papers/searle_2019.pdf},
  DOI = { http://dx.doi.org/10.1111/ele.13411 }
}

@inproceedings{Correll2018,
  author = {Correll, M. and Moritz, D. and Heer, J.},
  title = {Value-Suppressing Uncertainty Palettes},
  booktitle = {Proceedings of the 2018 CHI Conference on Human Factors in Computing Systems},
  year = 2018,
  location = {Montreal QC, Canada},
  pages = {642:1--642:11},
  DOI = { http://dx.doi.org/10.1145/3173574.3174216 },
  publisher = {ACM},
  address = {New York, NY, USA},
  FILE = {~/Documents/papers/correll_2018.pdf}
}

@article{Staver2019,
  author = {Staver, A. C. and Asner, G. P. and Rodriguez-Iturbe, I. and Levin, S. A. and Smit, I. P. J.},
  title = {Spatial patterning among savanna trees in high-resolution, spatially extensive data},
  year = 2019,
  journal = {Proceedings of the National Academy of Sciences},
  volume = {116},
  number = {22},
  pages = {10681--10685},
  FILE = {~/Documents/papers/staver_2019.pdf},
  DOI = { http://dx.doi.org/10.1073/pnas.1819391116 }
}

@article{Kunz2019,
  author = {Kunz, M. and Fichtner, A. and H{\:a}rdtle, W. and Raumonen, P. and Bruelheide, H. and {von Oheimb}, G.},
  title = {Neighbour species richness and local structural variability modulate aboveground allocation patterns and crown morphology of individual trees},
  year = 2019,
  journal = {Ecology Letters},
  volume = {},
  number = {},
  pages = {1--11},
  FILE = {~/Documents/papers/kunz_2019.pdf},
  DOI = { http://dx.doi.org/10.1111/ele.13400 }
}

@book{Schulze1994,
  author = {Schulze, E. D. and Mooney, H. A.},
  title = {Ecosystem function of biodiversity: A summary},
  booktitle = {Biodiversity and Ecosystem Function},
  year = 1994,
  publisher = {Springer Berlin Heidelberg},
  address = {Berlin, Germany},
  FILE = {~/Documents/papers/schulze_1994.pdf},
  DOI = { http://dx.doi.org/10.1007/978-3-642-58001-7_24 }
}

@article{Tilman1994,
  author = {Tilman, D. and Downing, J. A.},
  title = {Biodiversity and stability in grasslands},
  year = 1994,
  journal = {Nature},
  volume = {367},
  number = {},
  pages = {363--365},
  FILE = {~/Documents/papers/tilman_1994.pdf},
  DOI = { http://dx.doi.org/10.1038/367363a0 }
}

@manual{labdsv,
  title = {labdsv: Ordination and Multivariate Analysis for Ecology},
  author = {Roberts, D. W.},
  year = {2019},
  note = {R package version 2.0-1},
  url = {https://CRAN.R-project.org/package=labdsv}
}

@article{Jax2005,
  author = {Jax, K.},
  title = {Function and ``functioning'' in ecology: what does it mean?},
  year = 2005,
  journal = {Oikos},
  volume = {111},
  number = {3},
  pages = {641--648},
  FILE = {~/Documents/papers/jax_2005.pdf},
  DOI = { http://dx.doi.org/10.1111/j.1600-0706.2005.13851.x }
}

@article{Clarke2017,
  author = {Clarke, D. A. and York, P. H. and Rasheed, M. A. and Northfield, T. D.},
  title = {Does biodiversity - ecosystem function literature neglect tropical ecosystems},
  year = 2017,
  journal = {Trends in Ecology \& Evolution},
  volume = {32},
  number = {5},
  pages = {320--323},
  FILE = {~/Documents/papers/clarke_2017.pdf},
  DOI = { http://dx.doi.org/10.1016/j.tree.2017.02.012 }
}

@incollection{Frost1996,
  address = {Bogor, Indonesia},
  author = {Frost, P.},
  year = 1996,
  booktitle = {The miombo in transition: woodlands and welfare in Africa},
  editor = {Campbell, B.M.},
  pages = {11--55},
  publisher = {Center for International Forestry Research},
  title = {The Ecology of Miombo Woodlands}
}

@article{Brooks2006,
  author = {Brooks, T. M. and Mittermeier, R. A. and {da Fonseca}, G. A. B. and Gerlach, J. and Hoffmann, M. and Lamoreux, J. F. and Mittermeier, C. G. and Pilgrim, J. D. and Rodrigues, S. L.},
  title = {Global biodiversity conservation priorities},
  year = 2006,
  journal = {Science},
  volume = {313},
  number = {},
  pages = {58--61},
  FILE = {~/Documents/papers/brooks_2006.pdf},
  DOI = { http://dx.doi.org/10.1016/j.tree.2017.02.012 }
}

@article{Mittermeier2003,
  author = {Mittermeier, R. A. and Mittermeier, C. G. and Brooks, T. M. and Pilgrim, J. D. and Konstant, W. R. and {da Fonseca}, G. A. B. and Kormos, C.},
  title = {Wilderness and biodiversity conservation},
  year = 2003,
  journal = {Proceedings of the National Academy of Sciences},
  volume = {100},
  number = {18},
  pages = {10309--10313},
  FILE = {~/Documents/papers/mittermeier2003.pdf},
  DOI = { http://dx.doi.org/10.1073/pnas.1732458100 }
}

@article{Hinsley2015,
  author = {Hinsley, A. and Entwistle, A. and Pio, D. V.},
  title = {Does the long-term success of {REDD+} also depend on biodiversity},
  year = 2015,
  journal = {Oryx},
  volume = {49},
  number = {2},
  pages = {216--221},
  FILE = {~/Documents/papers/hinsley_2015.pdf},
  DOI = { http://dx.doi.org/10.1017/S0030605314000507 }
}

@article{Ali2019a,
  author = {Ali, A. and Lin, S. and He, J. and Kong, F. and Yu, J. and Jiang, H.},
  title = {Big-sized trees overrule remaining trees' attributes and species richness as determinants of aboveground biomass in tropical forests},
  year = 2019,
  journal = {Global Change Biology},
  volume = {25},
  number = {},
  pages = {2810--2824},
  FILE = {~/Documents/papers/ali_2019_a.pdf},
  DOI = { http://dx.doi.org/10.1111/gcb.14707 }
}

@article{Michaletz2014,
  author = {Michaletz, S. T. and Cheng, D. and Kerkhoff, A. J. and Enquist, B. J.},
  title = {Convergence of terrestrial plant production across global climate gradients},
  year = 2014,
  journal = {Nature},
  volume = {512},
  number = {},
  pages = {39--43},
  FILE = {~/Documents/papers/michaletz_2014.pdf},
  DOI = { http://dx.doi.org/10.1038/nature13470 }
}

@article{Michaletz2018,
  author = {Michaletz, S. T. and Kerkhoff, A. J. and Enquist, B. J.},
  title = {Drivers of terrestrial plant production across broad geographical gradients},
  year = 2018,
  journal = {Global Ecology and Biogeography},
  volume = {27},
  number = {},
  pages = {166--174},
  FILE = {~/Documents/papers/michaletz_2018.pdf},
  DOI = { http://dx.doi.org/10.1111/geb.12685 }
}

@article{Condit2013,
  author = {Condit, R. and Engelbrecht, B. M. J. and Pino, D. and P{\'e}rez, R. and Turner, B. L.},
  title = {Species distributions in response to individual soil nutrients and seasonal drought across a community of tropical trees},
  year = 2013,
  journal = {Proceedings of the National Academy of Sciences},
  volume = {110},
  number = {13},
  pages = {5064--5068},
  FILE = {~/Documents/papers/condit_2013.pdf},
  DOI = { http://dx.doi.org/10.1073/pnas.1218042110 }
}

@article{Dohn2013,
  author = {Dohn, J. and Demb{\'e}l{\'e}, F. and Karemb{\'e}, M. and Moustakas, A. and Am{\'e}vor, K. A. and Hanan, N. P.},
  title = {Tree effects on grass growth in savannas: competition, facilitation and the stress-gradient hypothesis},
  year = 2013,
  journal = {Journal of Ecology},
  volume = {101},
  number = {},
  pages = {202--209},
  FILE = {~/Documents/papers/dohn_2013.pdf},
  DOI = { http://dx.doi.org/10.1111/1365-2745.12010 }
}

@article{Rowland2015a,
  author = {Rowland, L. and {da Costa}, A. C. L. and Galbraith, D. R. and Oliveira, R. S. and Binks, O. J. and Oliveira, A. A. R. and Pullen, A. M. and Doughty, C. E. and Metcalfe, D. B. and Vasconcelos, S. S. and Ferreira, L. V. and Malhi, Y. and Grace, J. and Mencuccini, M. and Meir, P.},
  title = {Death from drought in tropical forests is triggered by hydraulics not carbon starvation},
  year = 2015,
  journal = {Nature},
  volume = {528},
  number = {},
  pages = {119--122},
  FILE = {~/Documents/papers/rowland_2015a.pdf},
  DOI = { http://dx.doi.org/10.1038/nature15539 }
}

@article{Fensham2009,
  author = {Fensham, R. J. and Fairfax, R. J. and Ward, D. P.},
  title = {Drought-induced tree death in savanna},
  year = 2009,
  journal = {Global Change Biology},
  volume = {15},
  number = {},
  pages = {380--387},
  FILE = {~/Documents/papers/fensham_2009.pdf},
  DOI = { http://dx.doi.org/10.1111/j.1365-2486.2008.01718.x }
}

@article{Staver2009,
  author = {Staver, A. C. and Bond, W. J. and Stock, W. D. and {van Rensburg}, S. J. and Waldram, M. S.},
  title = {Browsing and fire interact to suppress tree density in an {African} savanna},
  year = 2009,
  journal = {Ecological Applications},
  volume = {19},
  number = {7},
  pages = {1909--1919},
  FILE = {~/Documents/papers/staver_2009.pdf},
  DOI = { http://dx.doi.org/10.1890/08-1907.1 }
}

@article{Bond2005,
  author = {Bond, W. J. and Keeley, J. E.},
  title = {Fire as a global `herbivore': the ecology and evolution of flammable ecosystems},
  year = 2005,
  journal = {Trends in Ecology and Evolution},
  volume = {20},
  number = {7},
  pages = {387--394},
  FILE = {~/Documents/papers/bond_2005.pdf},
  DOI = { http://dx.doi.org/10.1016/j.tree.2005.04.025 }
}

@article{Roques2001,
  author = {Roques, K. G. and {O'Connor}, T. G. and Watkinson, A. R.},
  title = {Dynamics of shrub encroachment in an {African} savanna: relative influences of fire, herbivory, rainfall and density dependence},
  year = 2001,
  journal = {Journal of Applied Ecology},
  volume = {38},
  number = {},
  pages = {268--280},
  FILE = {~/Documents/papers/roques_2001.pdf},
  DOI = { http://dx.doi.org/10.1046/j.1365-2664.2001.00567.x }
}

@article{Higgins2007,
  author = {Higgins, S. I. and Bond, W. J. and February, E. C. and Bronn, A. and Euston-Brown, D. I. W. and Enslin, B. and Govender, N. and Rademan, L. and {O'Regan}, S. and Potgieter, A. L. F. and Scheiter, S. and Sowry, R. and Trollope, L. and Trollope, W. S. W.},
  title = {Effects of four decades of fire manipulation on woody vegetation structure in savanna},
  year = 2007,
  journal = {Ecology},
  volume = {88},
  number = {5},
  pages = {1119--1125},
  FILE = {~/Documents/papers/higgins_2007.pdf},
  DOI = { http://dx.doi.org/10.1890/06-1664 }
}

@article{Cardinale2002,
  author = {Cardinale, B. J. and Palmer, M. A. and Collins, S. L.},
  title = {Species diversity enhances ecosystem functioning through interspecific facilitation},
  year = 2002,
  journal = {Nature},
  volume = {415},
  number = {},
  pages = {426--429},
  FILE = {~/Documents/papers/cardinale_2002.pdf},
  DOI = { http://dx.doi.org/10.1038/415426a }
}

@article{Parr2014,
  author = {Parr, C. L. and Lehmann, C. E. R. and Bond, W. J. and Hoffmann, W. A. and Andersen, A. N.},
  title = {Tropical grassy biomes: misunderstood, neglected, and under threat},
  year = 2014,
  journal = {Trends in Ecology and Evolution},
  volume = {29},
  number = {4},
  pages = {205--213},
  FILE = {~/Documents/papers/parr_2014.pdf},
  DOI = { http://dx.doi.org/10.1016/j.tree.2014.02.004 }
}

@manual{dave,
  title = {dave: Functions for "Data Analysis in Vegetation Ecology"},
  author = {Otto Wildi},
  year = 2017,
  note = {R package version 2.0},
  url = {https://CRAN.R-project.org/package=dave},
}

@manual{Zanne2009,
  title = {Global wood density database},
  author = {Zanne, A. E. and Lopez-Gonzalez, G. and Coomes, D. A. and Ilic, J. and Jansen, S. and Lewis, S. L. and Miller, R. B. and Swenson, N. G. and Wiemann, M. C. and Chave, J.},
  year = 2009,
  publisher = {Dryad},
  note = { http://hdl.handle.net/10255/ dryad.235 }
}

@book{Lee2007,
  author = {Lee, S. Y.},
  title = {Structural Equation Modeling: A Bayesian Approach},
  year = 2007,
  publisher = {Wiley},
  address = {New York, USA}
}

@article{Cham2017,
  author = {Cham, H. and Reshetnyak, E. and Rosenfeld, B. and Breitbart, W.},
  title = {Full information maximum likelihood estimation for latent variable interactions with incomplete indicators},
  year = 2017,
  journal = {Multivariate Behavioural Research},
  volume = {52},
  number = {1},
  pages = {12--30},
  FILE = {~/Documents/papers/cham_2017.pdf},
  DOI = { http://dx.doi.org/10.1080/00273171.2016.1245600 }
}

@article{Hu1999,
  author = {Hu, L. and Bentler, P. M.},
  title = {Cutoff criteria for fit indexes in covariance structure analysis: conventional criteria versus new alternatives},
  year = 1999,
  journal = {Structural Equation Modeling},
  volume = {6},
  number = {1},
  pages = {1--55},
  FILE = {~/Documents/papers/hu_1999.pdf},
  DOI = { http://dx.doi.org/10.1080/10705519909540118 }
}

@article{Wright2017,
  author = {Wright, A. J. and Wardle, W. D. A. and Callaway, W. R. and Gaxiola, A.},
  title = {The overlooked role of facilitation in biodiversity experiments},
  year = 2017,
  journal = {Trends in Ecology and Evolution},
  volume = {32},
  number = {5},
  pages = {383--390},
  FILE = {~/Documents/papers/wright_2017.pdf},
  DOI = { http://dx.doi.org/10.1016/j.tree.2017.02.011 }
}

@article{Cardinale2009,
  author = {Cardinale, B. J. and Srivastava, D. S. and Duffy, J. E. and Wright, J. P. and Downing, A. L. and Sankaran, M. and Jouseau, C. and Cadotte, M. W. and Carroll, I. T. and Weis, J. J. and Hector, A. and Loreau, M.},
  title = {Effects of biodiversity on the functioning of ecosystems: a summary of 164 experimental manipulations of species richness},
  year = 2009,
  journal = {Ecology},
  volume = {90},
  number = {3},
  pages = {854--854},
  FILE = {~/Documents/papers/cardinale_2009.pdf},
  DOI = { http://dx.doi.org/10.1890/08-1584.1 }
}

@article{Thompson2011,
  author = {Thompson, I. D. and Okabe, K. and Tylianakis, J. M. and Kumar, P. and Brockerhoff, E. G. and Schellhorn, N. A. and Parrotta, J. A. and Nasi, R.},
  title = {Forest biodiversity and the delivery of ecosystem goods and services: translating science into policy},
  year = 2011,
  journal = {BioScience},
  volume = {61},
  number = {12},
  pages = {972--981},
  FILE = {~/Documents/papers/thompson_2011.pdf},
  DOI = { http://dx.doi.org/10.1525/bio.2011.61.12.7 }
}

@article{Shirima2015,
  author = {Shirima, D. D. and Pfeifer, M. and Platts, P. J. and Totland, {\O} and Moe, S. R.},
  title = {Interactions between canopy structure and herbaceous biomass along environmental gradients in moist forest and dry miombo woodland of Tanzania},
  year = 2015,
  journal = {PLoS ONE},
  volume = {10},
  number = {11},
  pages = {1--15},
  FILE = {~/Documents/papers/shirima_2015.pdf},
  DOI = { http://dx.doi.org/10.1371/journal.pone.0142784 }
}

@article{Mutowo2012,
  author = {Mutowo, G. and Murwira, A.},
  title = {Relationship between remotely sensed variables and tree species diversity in savanna woodlands of Southern {Africa}},
  year = 2012,
  journal = {International Journal of Remote Sensing},
  volume = {33},
  number = {20},
  pages = {6378--6402},
  FILE = {~/Documents/papers/mutowo_2012.pdf},
  DOI = { http://dx.doi.org/10.1080/01431161.2012.687472 }
}

@article{Hector2007,
  author = {Hector, A. and Bagchi, R.},
  title = {Biodiversity and ecosystem multifunctionality},
  year = 2007,
  journal = {Nature},
  volume = {448},
  number = {},
  pages = {188--190},
  FILE = {~/Documents/papers/hector_2007.pdf},
  DOI = { http://dx.doi.org/10.1038/nature05947 }
}

@manual{ERA5,
  title = {ERA5: Fifth generation of ECMWF atmospheric reanalyses of the global climate},
  author = {{Copernicus Climate Change Service}},
  organization = {Copernicus Climate Change Service Climate Data Store (CDS)},
  year = 2017,
  note = {Accessed: 2019-09-03}
}

@book{Hill2010,
  editor = {Hill, M. J. and Hanan, N. P.},
  title = {Ecosystem function in savannas},
  year = 2011,
  publisher = {CRC Press},
  address = {Boca Raton FL, USA},
  DOI = { http://dx.doi.org/10.1201/b10275 }
}

@article{Saito2014,
  author = {Saito, M. and Luyssaert, S. and Poulter, B. and Williams, M. and Ciais, P. and Bellassen, V. and Ryan, C. M. and Yue, C. and Cadule, P. and Peylin, P.},
  title = {Fire regimes and variability in aboveground woody biomass in miombo woodland},
  year = 2014,
  journal = {Journal of Geophysical Research: Biogeosciences},
  volume = {119},
  number = {},
  pages = {1014--1029},
  FILE = {~/Documents/papers/saito_2014.pdf},
  DOI = { http://dx.doi.org/10.1002/2013JG002505 }
}

@article{Ratnam2011,
  author = {Ratnam, J. and Bond, W. J. and Fensham, R. J. and Hoffmann, W. A. and Archibald, S. and Lehmann, C. E. R. and Anderson, M. T. and Higgins, S. I. and Sankaran, M.},
  title = {When is a `forest' a savanna, and why does it matter?},
  year = 2011,
  journal = {Global Ecology and Biogeography},
  volume = {20},
  number = {},
  pages = {653--660},
  FILE = {~/Documents/papers/ratnam_2011.pdf},
  DOI = { http://dx.doi.org/10.1111/j.1466-8238.2010.00634.x }
}

@article{Zhang2012,
  author = {Zhang, Y. and Chen, H. Y. H. and Reich, P. B.},
  title = {Forest productivity increases with evenness, species richness and trait variation: a global meta-analysis},
  year = 2012,
  journal = {Journal of Ecology},
  volume = {100},
  number = {},
  pages = {742--749},
  FILE = {~/Documents/papers/zhang_2012.pdf},
  DOI = { http://dx.doi.org/10.1111/j.1365-2745.2011.01944.x }
}

@article{Valery2009,
  author = {Val{\'e}ry, L. and Fritz, H. and Lefeuvre, J. and Simberloff, D.},
  title = {Ecosystem-level consequences of invasions by native species as a way to investigate relationships between evenness and ecosystem function},
  year = 2009,
  journal = {Biological Invasions},
  volume = {11},
  number = {},
  pages = {609--617},
  FILE = {~/Documents/papers/valery_2009.pdf},
  DOI = { http://dx.doi.org/10.1007/s10530-008-9275-5 }
}

@article{Dengler2009,
  author = {Dengler, J.},
  title = {Which function describes the species-area relationship best? A review and empirical evaluation},
  year = 2009,
  journal = {Journal of Biogeography},
  volume = {36},
  number = {},
  pages = {728--744},
  FILE = {~/Documents/papers/dengler_2009.pdf},
  DOI = { http://dx.doi.org/10.1111/j.1365-2699.2008.02038.x }
}

@article{Selaya2008,
  author = {Selaya, N. G. and Anten, P. R.},
  title = {Differences in biomass allocation, light interception and mechanical stability between lianas and trees in early secondary tropical forest},
  year = 2008,
  journal = {Functional Ecology},
  volume = {22},
  number = {},
  pages = {30--39},
  FILE = {~/Documents/papers/selaya_2008.pdf},
  DOI = { http://dx.doi.org/10.1111/j.1365-2435.2007.01350.x }
}

@article{Loreau2001,
  author = {Loreau, M. and Naeem, S. and Inchausti, P. and Bengtsson, J. and Grime, J. P. and Hector, A. and Hooper, D. U. and Huston, M. A. and Raffaelli, D. and Schmid, B. and Tilman, D. and Wardle, D. A.},
  title = {Biodiversity and ecosystem functioning: current knowledge and future challenges},
  year = 2001,
  journal = {Science},
  volume = {294},
  number = {},
  pages = {804--808},
  FILE = {~/Documents/papers/loreau_2001.pdf},
  DOI = { http://dx.doi.org/10.1126/science.1064088 }
}

@article{Pasari2013,
  author = {Pasari, J. R. and Levi, T. and Zavaleta, E. S. and Tilman, D.},
  title = {Several scales of biodiversity affect ecosystem multifunctionality},
  year = 2013,
  journal = {Proceedings of the National Academy of Sciences},
  volume = {110},
  number = {25},
  pages = {10219--10222},
  FILE = {~/Documents/papers/pasari_2013.pdf},
  DOI = { http://dx.doi.org/10.1073/pnas.1220333110 }
}

@article{Tobner2016,
  author = {Tobner, C. M. and Paquette, A. and Gravel, D. and Reich, P. B. and Williams, L. J. and Messier, C.},
  title = {Functional identity is the main driver of diversity effects in young tree communities},
  year = 2016,
  journal = {Ecology Letters},
  volume = {19},
  number = {},
  pages = {638--647},
  FILE = {~/Documents/papers/tobner_2016.pdf},
  DOI = { http://dx.doi.org/10.1111/ele.12600 }
}

@article{Lasky2014,
  author = {Lasky, J. R. and Uriarte, M. and Boukili, V. K. and Erickson, D. L. and Kress, W. J. and Chazdon, R. L.},
  title = {The relationship between tree biodiversity and biomass dynamic changes with tropical forest succession},
  year = 2014,
  journal = {Ecology Letters},
  volume = {17},
  number = {},
  pages = {1158--1167},
  FILE = {~/Documents/papers/lasky_2014.pdf},
  DOI = { http://dx.doi.org/10.1111/ele.12322 }
}

@article{Scholes2004,
  author = {Scholes, R. J. and Frost, P. G. H. and Tian, Y.},
  title = {Canopy structure in savannas along a moisture gradient on Kalahari sands},
  year = 2004,
  journal = {Global Change Biology},
  volume = {10},
  number = {},
  pages = {292--302},
  FILE = {~/Documents/papers/scholes_2004.pdf},
  DOI = { http://dx.doi.org/10.1046/j.1529-8817.2003.00703.x }
}

@article{Eldridge2012,
  author = {Eldridge, D. J. and Maestre, F. T. and Maltez-Mouro, S. and Bowker, M. A.},
  title = {A global database of shrub encroachment effects on ecosystem structure and functioning},
  year = 2012,
  journal = {Ecology},
  volume = {93},
  number = {11},
  pages = {2499},
  FILE = {~/Documents/papers/eldridge_2012.pdf},
  DOI = { http://dx.doi.org/10.1890/12-0749.1 }
}

@article{Spasojevic2014,
  author = {Spasojevic, M. J. and Grace, J. B. and Harrison, S. and Damschen, E. I.},
  title = {Functional diversity supports the physiological tolerance hyopthesis for plant species richness along climatic gradients},
  year = 2014,
  journal = {Journal of Ecology},
  volume = {102},
  number = {},
  pages = {447--455},
  FILE = {~/Documents/papers/spasojevic_2014.pdf},
  DOI = { http://dx.doi.org/10.1111/1365-2745.12204 }
}

@article{Prado-Junior2016,
  author = {Prado-Junior, J. A. and Schiavini, I. and Vale, V. S. and Arantes, C. S. and {van der Sande}, M. T. and Lohbeck, M. and Poorter, L. },
  title = {Conservative species drive biomass productivity in tropical dry forests},
  year = 2016,
  journal = {Journal of Ecology},
  volume = {104},
  number = {},
  pages = {817--827},
  FILE = {~/Documents/papers/prado-junior_2016.pdf},
  DOI = { http://dx.doi.org/10.1111/1365-2745.12543 }
}

@article{LaRue2019,
  author = {LaRue, E. A. and Hardiman, B. S. and Elliott, J. M. and Fei, S.},
  title = {Structural diversity as a predictor of ecosystem function},
  year = 2019,
  journal = {Environmental Research Letters},
  volume = {14},
  number = {},
  pages = {114011},
  FILE = {~/Documents/papers/larue_2019.pdf},
  DOI = { http://dx.doi.org/10.1088/1748-9326/ab49bb }
}

@article{Hardiman2011,
  author = {Hardiman, B. S. and Bohrer, G. and Gough, C. M. and Vogel, C. S. and Curtis, P. S.},
  title = {The role of canopy structural complexity in wood net primary production of a maturing northern deciduous forest},
  year = 2011,
  journal = {Ecology},
  volume = {92},
  number = {9},
  pages = {1818--1827},
  FILE = {~/Documents/papers/hardiman_2011.pdf},
  DOI = { http://dx.doi.org/10.1890/10-2192.1 }
}

@article{Stark2012,
  author = {Stark, S. C. and Leitold, V. and Wu, J. L. and Hunter, M. O. and {de Castilho}, C. V. and Costa, F. R. C. and McMahon, S. M. and Parker, G. G. and Shimabukuro, M. T. and Lefsky, M. A. and Keller, M. and Alves, L. F. and Schietti, J. and Shimabukuro, Y. E. and Brand{\~a}o, D. O. and Woodcock, T. K. and Higuchi, N. and {de Camargo}, P. B. and {de Oliveira}, R. C. and Saleska, S. R.},
  title = {Amazon forest carbon dynamics predicted by profiles of canopy leaf area and light environment},
  year = 2012,
  journal = {Ecology Letters},
  volume = {15},
  number = {},
  pages = {1406--1414},
  FILE = {~/Documents/papers/stark_2012.pdf},
  DOI = { http://dx.doi.org/10.1111/j.1461-0248.2012.01864.x }
}

@article{Stegen2011,
  author = {Stegen, J. C. and Swenson, N. G. and Enquist, B. J. and White, E. P. and Phillips, O. L. and J{\o}rgensen, P. M. and Weiser, M. D. and Mendoza, A. M. and Vargas, P. N.},
  title = {Variation in above-ground forest biomass across broad climatic gradients},
  year = 2011,
  journal = {Global Ecology and Biogeography},
  volume = {20},
  number = {},
  pages = {744--754},
  FILE = {~/Documents/papers/stegen_2011.pdf},
  DOI = { http://dx.doi.org/10.1111/j.1466-8238.2010.00645.x }
}

@article{Smith1996,
  author = {Smith, B. and Wilson, J. B.},
  title = {A consumer's guide to evenness indices},
  year = 1996,
  journal = {Oikos},
  volume = {76},
  number = {1},
  pages = {70--82},
  FILE = {~/Documents/papers/smith_1996.pdf},
  DOI = { http://dx.doi.org/10.2307/3545749 }
}

@article{lavaan,
  title = {{lavaan}: An {R} Package for Structural Equation Modeling},
  author = {Yves Rosseel},
  journal = {Journal of Statistical Software},
  year = {2012},
  volume = {48},
  number = {2},
  pages = {1--36},
  url = {http://www.jstatsoft.org/v48/i02/},
}

@article{Muscolo2014,
  author = {Muscolo, A. and Bagnato, S. and Sidari, M. and Mercurio, R.},
  title = {A review of the roles of forest canopy gaps},
  year = 2014,
  journal = {Journal of Forestry Research},
  volume = {25},
  number = {4},
  pages = {725--736},
  FILE = {~/Documents/papers/muscolo_2014.pdf},
  DOI = { http://dx.doi.org/10.1007/s11676-014-0521-7 }
}

@article{Linder2014,
  author = {Linder, H. P.},
  title = {The evolution of {African} plant diversity},
  year = 2014,
  journal = {Frontiers in Ecology and Evolution},
  volume = {2},
  number = {38},
  pages = {1--14},
  FILE = {~/Documents/papers/linder_2014.pdf},
  DOI = { http://dx.doi.org/10.3389/fevo.2014.00038 }
}

@article{Charles-Dominique2018,
  author = {Charles-Dominique, T. and Midgley, G. F. and Tomlinson, K. W. and Bond, W. J.},
  title = {Steal the light: shade vs fire adapted vegetation in forest-savanna mosaics},
  year = 2018,
  journal = {New Phytologist},
  volume = {218},
  number = {},
  pages = {1419--1429},
  FILE = {~/Documents/papers/charles-dominique_2018.pdf},
  DOI = { http://dx.doi.org/10.1111/nph.15117 }
}

@article{Chisholm2013,
  author = {Chisholm, R. A. and Muller-Landau, H. C. and Rahman, K. A. and Bebber, D. P. and Bin, Y. and Bohlman, S. A. and Bourg, N. A. and Brinks, J. and Bunyavejchewin, S. and Butt, N. and Cao, H. and Cao, M. and C{\'a}rdenas, D. and Chang, L. and Chiang, J. and Chuyong, G. and Condit, R. and Dattaraja, H. S. and Davies, S. and Duque, A. and Fletcher, C. and Gunatilleke, N. and Gunatilleke, S. and Hao, Z. and Harrison, R. D. and Howe, R. and Hsieh, C. and Hubbell, S. P. and Itoh, A. and Kenfack, D. and Kiratiprayoon, S. and Larson, A. J. and Lian, J. and Lin, D. and Liu, H. and Lutz, J. A. and Ma, K. and Malhi, Y. and McMahon, S. and McShea, W. and Meegaskumbura, M. and Razman, S. M. and Morecroft, M. D. and Nytch, C. J. and Oliveira, A. and Parker, G. G. and Pulla, S. and Punchi-Manage, R. and Romero-Saltos, H. and Sang, W. and Schurman, J. and Su, S. and Sukumar, R. and Sun, I. and Suresh, H. S. and Tan, S. and Thomas, D. and Thomas, S. and Thompson, J. and Valencia, R. and Wolf, A. and Yap, S. and Ye, W. and Yuan, Z. and Zimmermann, J. K.},
  title = {Scale-dependent relationships between tree species richness and ecosystem function in forests},
  year = 2013,
  journal = {Journal of Ecology},
  volume = {101},
  number = {},
  pages = {1214--1224},
  FILE = {~/Documents/papers/chisholm_2013.pdf},
  DOI = { http://dx.doi.org/10.1111/1365-2745.12132 }
}

@book{Otto2013,
  author = {Otto, W.},
  title = {Data analysis in veegtation ecology},
  year = 2013,
  publisher = {Wiley-Blackwell},
  address = {Chichester, UK},
  FILE = {~/Documents/papers/otto_2013.pdf},
}

@book{Beaujean2014,
  author = {Beaujean, A. A.},
  title = {Latent variable modeling using R},
  year = 2014,
  publisher = {Routledge},
  address = {New York NY, USA},
}

@article{Poorter2017,
  author = {Poorter, L. and {van der Sande}, M. T. and Arets, E. J. M. M. and Ascarrunz, N. and Enquist, B. J. and Finegan, B. and Licona, J. C. and Mart{\'i}nez-Ramos, M. and Mazzei, L. and Meave, J. A. and Mu{\~n}oz, R. and Nytch, C. J. and {de Oliveira}, A. A. and P{\'e}rez-Garc{\'i}a, E. A. and Prado-Junior, J. and Rodr{\'i}guez-Vel{\'a}zques, J. and Ruschel, A. R. and Salgado-Negret, B. and Schiavini, I. and Swenson, N. G. and Tenorio, E. A. and Thompson, J. and Toledo, M. and Uriarte, M. and {van der Hout}, P. and Zimmerman, J. K. and Pe{\~n}a0-Claros, M.},
  title = {Biodiversity and climate determine the functioning of neotropical forests},
  year = 2017,
  journal = {Global Ecology and Biogeography},
  volume = {26},
  number = {},
  pages = {1423--1434},
  FILE = {~/Documents/papers/poorter_2017.pdf},
  DOI = { http://dx.doi.org/10.1111/geb.12668 }
}

@article{Dufrene1997,
  author = {Dufr{\^e}ne, M. and Legendre, P.},
  title = {Species assemblage and indicator species: the need for a flexible asymmetrical approach},
  year = 1997,
  journal = {Ecological Monographs},
  volume = {67},
  number = {3},
  pages = {345--366},
  FILE = {~/Documents/papers/dufrene_1997.pdf},
  DOI = { http://dx.doi.org/10.1890/0012-9615(1997)067[0345:SAAIST]2.0.CO;2 }
}

@article{Sande2017a,
  author = {{van der Sande}, M. T. and Poorter, L. and Kooistra, L. and Balvanera, P. and Thonicke, K. and Thompson, J. and Arets, E. J. M. M. and Alaniz, N. G. and Jones, L. and Mora, F. and Mwampamba, T. H. and Parr, T. and Pe{\~n}a-Claros, M.},
  title = {Biodiversity in species, traits, and structure determines carbon stocks and uptake in tropical forests},
  year = 2017,
  journal = {Biotropica},
  volume = {49},
  number = {5},
  pages = {593--603},
  FILE = {~/Documents/papers/sande_2017a.pdf},
  DOI = { http://dx.doi.org/10.1111/btp.12453 }
}

@article{Murphy2016,
  author = {Murphy, B. P. and Andersen, A. N. and Parr, C> L.},
  title = {The underestimated biodiversity of tropical grassy biomes},
  year = 2016,
  journal = {Philosophical Transactions of the Royal Society B: Biological Sciences},
  volume = {371},
  number = {},
  pages = {20150319},
  FILE = {~/Documents/papers/murphy_2016.pdf},
  DOI = { http://dx.doi.org/10.1098/rstb.2015.0319 }
}

@article{Aleman2016,
  author = {Aleman, J. C. and Blarquez, O. and Staver, C. A.},
  title = {Land-use change outweighs projected effects of changing rainfall on tree cover in {sub-Saharan Africa}},
  year = 2016,
  journal = {Global Change Biology},
  volume = {22},
  number = {},
  pages = {3013--3025},
  FILE = {~/Documents/papers/aleman_2016.pdf},
  DOI = { http://dx.doi.org/10.1111/gcb.13299 }
}


@article{Houghton2009,
  author = {Houghton, R. A. and Hall, F. and Goetz, S. J.},
  title = {Importance of biomass in the global carbon cycle},
  year = 2009,
  journal = {Journal of Geophysical Research},
  volume = {114},
  number = {},
  pages = {1--13},
  FILE = {~/Documents/papers/houghton_2009.pdf},
  DOI = { http://dx.doi.org/10.1029/2009JG000935 }
}

@article{Nachtigall2003,
  author = {Nachtigall, C. and Kroehne, U. and Funke, F. and Steyer, R.},
  title = {{(Why)} should we use {SEM}? Pros and cons of Structural Equation Modeling},
  year = 2003,
  journal = {Methods of Psychological Research},
  volume = {8},
  number = {2},
  pages = {1--22},
  FILE = {~/Documents/papers/nachtigall_2003.pdf},
}

@article{Fan2016,
  author = {Fan, Y. and Chen, J. and Shirkey, G. and John, R. and Wu, S. R. and Park, H. and Shao, C.},
  title = {Applications of structural equation modeling (SEM) in ecological studies: an updated review},
  year = 2016,
  journal = {Ecological processes},
  volume = {5},
  number = {19},
  pages = {1--12},
  FILE = {~/Documents/papers/fan_2016.pdf},
  DOI = { http://dx.doi.org/10.1186/s13717-016-0063-3 }
}


@article{Wang2020,
  author = {Wang, Z. and Ginzler, C. and Waser, L. T.},
  title = {Assessing structural changes at the forest edge using kernel density estimation},
  year = 2020,
  journal = {Forest Ecology and Management},
  volume = {456},
  number = {},
  pages = {117639},
  FILE = {~/Documents/papers/wang_2020.pdf},
  DOI = { http://dx.doi.org/10.1016/j.foreco.2019.117639 }
}

@article{Shapiro1983,
  author = {Shapiro, A.},
  title = {Asymptotic distribution theory in the analysis of covariance structures (A unified approach)},
  year = 1983,
  journal = {South African Statistical Journal},
  volume = {17},
  number = {},
  pages = {33--81},
  FILE = {~/Documents/papers/shapiro_1983.pdf},
}

@incollection{Scherer-Lorenzen2014,
	author={Scherer-Lorenzen, Michael},
	title={The functional role of biodiversity in the context of global change},
	booktitle = {Forests and global change},
	year = 2014,
	pages = {195--238},
	publisher = {Cambridge University Press},
	address = {Cambridge, UK},
	DOI = { http://dx.doi.org/10.1017/CBO9781107323506.011 }
}

@book{Campbell2002,
	author = {Campbell, B. M. and Jeffrey, S. and Kozanayi, W. and Luckert, M. and Mutamba, M.},
	pages = {153},
	title = {Household Livelihoods in Semi-Arid Regions: options and constraints},
	publisher = {Center for International Forestry Research},
	address = {Bogor, Indonesia},
	year = 2002
}

@article{Syampungani2017,
  author = {Syampungani, S. and Tigabu, M. and Matakala, N. and Handavu, F. and Oden, P. C.},
  title = {Coppicing ability of dry miombo woodland species harvested
for traditional charcoal production in Zambia: a win–win strategy for sustaining rural livelihoods and recovering a woodland ecosystem},
  year = 2017,
  journal = {Journal of Forestry Research},
  volume = {28},
  number = {3},
  pages = {549--556},
  FILE = {~/Documents/papers/syampungani_2017.pdf},
  DOI = { http://dx.doi.org/10.1007/s11676-016-0307-1 }
}

@article{Mograbi2015,
  author = {Mograbi, P. J. and Erasmus, B. F. N. and Witkowski, E. T. F. and Anser, P. and Wessels, K. J. and Mathieu, R. and Knapp, D. E. and Martin, R. E. and Main, R.},
  title = {Biomass increases go under cover: woody vegetation dynamics in south {African} rangelands},
  year = 2015,
  journal = {PLoS ONE},
  volume = {10},
  number = {5},
  pages = {1--21},
  FILE = {~/Documents/papers/mograbi_2015.pdf},
  DOI = { http://dx.doi.org/10.1371/journal. pone.0127093 }
}

@book{Lowman2004,
	author = {Lowman, Margaret D. and Rinker, H. Bruce},
	title = {Forest Canopies: Second Edition},
	doi = {http://dx.doi.org/10.1016/B978-0-12-457553-0.X5000-X},
	publisher = {Academic Press},
	address = {London, UK},
	year = 2004
}

@proceedings{Trofymow1998,
	author = {Spies, T.},
	editor = {Trofymow, J. A. and {MacKinno}, A.},
	title = {Forest structure: a key to the ecosystem},
	volume = {72},
	issue = {2},
	booktitle = {Proceedings of a workshop on structure, process, and diversity in successional forests of coastal {British Columbia}},
	year = 1998,
	FILE = {~/Documents/papers/trofymow_1998.pdf}
}

@article{Lehmann2009,
  author = {Lehmann, C. E. R. and Prior, L. D. and Bowman, D. M. J. S.},
  title = {Fire controls population structure in four dominant tree species in a tropical savanna},
  year = 2009,
  journal = {Oecologia},
  volume = {161},
  number = {},
  pages = {505--515},
  FILE = {~/Documents/papers/lehmann_2009.pdf},
  DOI = { http://dx.doi.org/10.1007/s00442-009-1395-9 }
}

@article{Rubin2006,
  author = {Rubin, B. D. and Manion, P. D. and Faber-Langendoen, D.},
  title = {Diameter distributions and structural sustainability in forests},
  year = 2006,
  journal = {Forest Ecology and Management},
  volume = {222},
  number = {},
  pages = {427--438},
  FILE = {~/Documents/papers/rubin_2006.pdf},
  DOI = { http://dx.doi.org/10.1016/j.foreco.2005.10.049 }
}

@article{Stark2015,
  author = {Stark, S. C. and Enquist, B. J. and Saleska, S. R. and Leitold, V. and Schietti, J. and Longo, M. and Alves, L. F. and Camargo, P. B. and Oliveira, R. C.},
  title = {Linking canopy leaf area and light environments with tree size distributions to explain {Amazon} forest demography},
  year = 2015,
  journal = {Ecology Letters},
  volume = {18},
  number = {},
  pages = {636--645},
  FILE = {~/Documents/papers/stark_2015.pdf},
  DOI = { http://dx.doi.org/10.1111/ele.12440 }
}

@article{Bond2005a,
  author = {Bond, W. J. and Keeley, J. E.},
  title = {Fire as a global `herbivore': the ecology and evolution of flammable ecosystems},
  year = 2005,
  journal = {Trends in Ecology and Evolution},
  volume = {20},
  number = {7},
  pages = {387--394},
  FILE = {~/Documents/papers/bond_2005a.pdf},
  DOI = { http://dx.doi.org/10.1016/j.foreco.2005.10.049 }
}

@article{Pretzsch2014,
  author = {Pretzsch, H.},
  title = {Canopy space filling and tree crown morphology in mixed-species stands compared with monocultures},
  year = 2014,
  journal = {Forest Ecology and Management},
  volume = {327},
  number = {},
  pages = {251--264},
  FILE = {~/Documents/papers/pretzsch_2014.pdf},
  DOI = { http://dx.doi.org/10.1016/j.foreco.2014.04.027 }
}

@article{DeLangre2008,
  author = {{de Langre}, E.},
  title = {Effects of wind on plants},
  year = 2008,
  journal = {Annual Reivew of Fluid Mechanics},
  volume = {40},
  number = {},
  pages = {141--168},
  FILE = {~/Documents/papers/delangre_2008.pdf},
  DOI = { http://dx.doi.org/10.1146/annurev.fluid.40.111406.102135 }
}

@article{Gilliam2007,
  author = {Gilliam, F. S.},
  title = {The ecological significance of the herbaceous layer in temperate forest ecosystems},
  year = 2007,
  journal = {BioScience},
  volume = {57},
  number = {10},
  pages = {845--858},
  FILE = {~/Documents/papers/gilliam_2007.pdf},
  DOI = { http://dx.doi.org/10.1641/B571007 }
}

@article{Nilsson2005,
  author = {Nilsson, M. and Wardle, D. A.},
  title = {Understory vegetation as a forest ecosystem driver: evidence from the {Northern Swedish Boreal Forest}},
  year = 2005,
  journal = {Frontiers in Ecology and the Environment},
  volume = {3},
  number = {8},
  pages = {421--428},
  FILE = {~/Documents/papers/nilsson_2005.pdf},
  DOI = { http://dx.doi.org/10.2307/3868658 }
}

@article{Hoffmann2012,
  author = {Hoffmann, W. A. and Geiger, E. L. and Gotsch, S. G. and Rossatto, D. R. and Silva, L. C. R. and Lau, O. L. and Haridasan, M. and Franco, A. C.},
  title = {Ecological thresholds at the savanna-forest boundary: how plant traits, resource and fire govern the distribution of tropical biomes},
  year = 2012,
  journal = {Ecology Letters},
  volume = {15},
  number = {},
  pages = {759--768},
  FILE = {~/Documents/papers/hoffmann_2012.pdf},
  DOI = { http://dx.doi.org/10.1111/j.1461-0248.2012.01789.x }
}

@article{Hirota2011,
  author = {Hirota, M. and Holmgren, M. and {Van Nes}, E. H. and Scheffer, M.},
  title = {Global resilience of tropical forest and savanna to critical transitions},
  year = 2011,
  journal = {Science},
  volume = {334},
  number = {},
  pages = {232--235},
  FILE = {~/Documents/papers/hirota_2011.pdf},
  DOI = { http://dx.doi.org/10.1126/science.1210657 }
}

@article{Staver2011,
  author = {Staver, A. C. and Archibald, S. and Levin, S.},
  title = {Tree cover in {sub-Saharan Africa}: rainfall and fire constrain forest and savanna as alternative stable states},
  year = 2011,
  journal = {Ecology},
  volume = {92},
  number = {5},
  pages = {1063--1072},
  FILE = {~/Documents/papers/staver_2011.pdf},
  DOI = { http://dx.doi.org/10.1890/10-1684.1 }
}

@book{Herrick2005,
  editor = {Herrick, J. E. and {Van Zee}, J. W. and Havstad, K. M. and Burkett, L. M. and Whitford, W. G.},
  author = {},
  title = {Monitoring manual for grassland, shrubland and savanna ecosystems},
  year = 2005,
  publisher = {Jornada Experimental Range},
  address = {Las Cruces NM, USA},
  isbn = {0975555200}
}

@article{Xu2013,
  author = {Xu, W. and Su, Z. and Feng, Z. and Xu, H. and Jiao, Y. and Yan, F.},
  title = {Comparison of conventional measurement and {LiDAR-based} measurements for crown structures},
  year = 2013,
  journal = {Computers and electronics in agriculture},
  volume = {98},
  number = {},
  pages = {242--251},
  FILE = {~/Documents/papers/xu_2013.pdf},
  DOI = { http://dx.doi.org/10.1016/j.compag.2013.08.015 }
}

@manual{WDPA2019,
	author = {{UNEP-WCMC and IUCN}},
	title = {Protected Planet: the world database on protected areas (WDPA)},
	url = {https://www.protectedplanet.net},
    note = {[Online; 15-January-2019]},
    year = 2019
}

@book{Chidumayo1997,
  editor = {},
  author = {Chidumayo, E.},
  title = {Miombo ecology and management: an introduction},
  year = 1997,
  publisher = {Intermediate Technology Publications},
  address = {London, UK},
  isbn = {1853394114}
}

@manual{vegan,
  title = {vegan: Community Ecology Package},
  author = {Oksanen, J. and Blanchet, F. G. and Friendly, M. and Kindt, R. and Legendre, P. and {McGlinn}, D. and Minchin, P. R. and O'Hara, R. B. and Simpson, G. L. and Solymos, P. and Stevens, M. H. H. and Szoecs, E. and Wagner, H.},
  year = {2019},
  note = {R package version 2.5-5},
  url = {https://CRAN.R-project.org/package=vegan},
}

@article{Schneibel2013,
  author = {Schneibel, A. and Stellmes, M. and Revermann, R. and Finckh, M. and R{\:o}der, A. and Hill, J.},
  title = {Agricultural expansion during the post-civil war period in southern Angola based on bi-temportal {Landsat} data},
  year = 2013,
  journal = {Biodiversity and Ecology},
  volume = {5},
  number = {},
  pages = {311--319},
  FILE = {~/Documents/papers/schneibel_2013.pdf},
  DOI = { http://dx.doi.org/10.7809/b-e.00285 }
}

@article{Mayaux2004,
  author = {Mayaux, P. and Bartholom{\'e}, E. and Fritz, S. and Belward, A.},
  title = {A new land-cover map of {Africa} for the year 2000},
  year = 2004,
  journal = {Journal of Biogeography},
  volume = {31},
  number = {},
  pages = {861--877},
  FILE = {~/Documents/papers/mayaux_2004.pdf},
  DOI = { http://dx.doi.org/10.1111/j.1365-2699.2004.01073.x }
}

@book{Huntley2019,
  editor = {Huntley, B. J. and Lages, F. and Russo, V. and Ferrand, N.},
  author = {},
  title = {Biodiversity of {Angola}: science \& conservation: a modern synthesis},
  year = 2019,
  publisher = {Springer},
  address = {Cham, Switzerland},
  FILE = {~/Documents/papers/huntley_2019.pdf},
  DOI = { http://dx.doi.org/10.1007/978-3-030-03083-4 },
  isbn = {9783030030827}
}

@article{Soares2007,
  author = {Soares, M. and Abreu, J. and Nunes, H. and Silveira, P. and Schrire, B. and Figueiredo, E.},
  title = {The leguminosae of {Angola}: diversity and endemism},
  year = 2007,
  journal = {Systematics and Geography of Plants},
  volume = {77},
  number = {2},
  pages = {141--212},
  FILE = {~/Documents/papers/soares_2007.pdf},
  DOI = { http://dx.doi.org/10.2307/20649738 }
}

@article{Linder2001,
  author = {Linder, H. P.},
  title = {Plant diversity and endemism in {sub-Saharan} tropical {Africa}},
  year = 2001,
  journal = {Journal of Biogeography},
  volume = {28},
  number = {},
  pages = {169--182},
  FILE = {~/Documents/papers/linder_2001.pdf},
  DOI = { http://dx.doi.org/10.1046/j.1365-2699.2001.00527.x }
}

@article{Figueiredo2008,
  author = {Figueiredo, E. and Smith, G. F.},
  title = {Plants of {Angola}/{Plantas} de {Angola}},
  year = 2008,
  journal = {Strelitzia},
  volume = {22},
  number = {},
  pages = {1--279}
}

@article{Droissart2018,
  author = {Droissart, V. and Dauby, G. and Hardy, O. J. and Deblauwe, V. and Harris, D. J. and Janssens, S. and Mackinder, B. A. and {Blach-Overgaard}, A. and Sonk{\'e}, B. and Sosef, M. S. M. and St{\'e}vart, T. and Svenning, J. and Wieringa, J. J. and Couvreur, T. L. P.},
  title = {Beyond trees: biogeographical regionalization of tropical {Africa}},
  year = 2018,
  journal = {Journal of Biogeography},
  volume = {45},
  number = {},
  pages = {1153--1167},
  FILE = {~/Documents/papers/droissart_2018.pdf},
  DOI = { http://dx.doi.org/10.1111/jbi.13190 }
}

@article{Legendre2013,
  author = {Legendre, P. and {De C{\'a}ceres}, M.},
  title = {Beta diversity as the variance of community data: diccimilarity coefficients and partitioning},
  year = 2013,
  journal = {Ecology Letters},
  volume = {16},
  number = {8},
  pages = {951--963},
  FILE = {~/Documents/papers/legendre_2013.pdf},
  DOI = { http://dx.doi.org/10.1111/ele.12141 }
}

@article{BIOMASS,
  author = {Rejou-Mechain, M. and Tanguy, A. and Piponiot, C. and Chave, J. and Herault, B.},
  title = {{BIOMASS}: an {R} package for estimating above-ground biomass and its uncertainty in tropical forests},
  year = 2017,
  journal = {Methods in Ecology and Evolution},
  volume = {8},
  number = {9},
  pages = {1163-1167}, 
  DOI = { http://dx.doi.org/10.1111/2041-210X.12753 }
}

@article{Privette2004,
  author = {Privette, J. L. and Tian, Y. and Roberts, G. and Scholes, R. J. and Wang, Y. and Caylor, K. K. and Frost, P. and Mukelabai, M.},
  title = {Vegetation structure characteristics and relationships of {Kalahari} woodlands and savannas},
  year = 2004,
  journal = {Global Change Biology},
  volume = {10},
  number = {},
  pages = {281--291},
  FILE = {~/Documents/papers/privette_2004.pdf},
  DOI = { http://dx.doi.org/10.1111/j.1529-8817.2003.00740.x }
}

@article{Caylor2004,
  author = {Caylor, K. K. and Dowty, P. R. and Shugart, H. H. and Ringrose, S.},
  title = {Relationship between small-scale structural variability and simulated vegetation productivity across a regional moisture gradient in southern {Africa}},
  year = 2004,
  journal = {Global Change Biology},
  volume = {10},
  number = {},
  pages = {374--382},
  FILE = {~/Documents/papers/caylor_2004.pdf},
  DOI = { http://dx.doi.org/10.1046/j.1529-8817.2003.00704.x }
}

@article{Chidumayo2002,
  author = {Chidumayo, E. N.},
  title = {Cahgnes in miombo woodland structure under different land tenure and use systems in central {Zambia}},
  year = 2002,
  journal = {Journal of Biogeography},
  volume = {29},
  number = {},
  pages = {1619--1626},
  FILE = {~/Documents/papers/chidumayo_2002.pdf},
  DOI = { http://dx.doi.org/10.1046/j.1365-2699.2002.00794.x }
}

@book{Oliveira2015,
  editor = {},
  author = {{Soares de Oliveira}, R.},
  title = {Magnificent and Beggar Land: {Angola} since the civil war},
  year = 2015,
  publisher = {Hurst Publishers},
  address = {London, UK},
  isbn = {9781849042840}
}

@article{Figueiredo2009,
  author = {Figueiredo, E. and Smith, G. F. and C{\'e}sar, J.},
  title = {The flora of {Angola}: first record of diversity and endemism},
  year = 2009,
  journal = {Taxon},
  volume = {58},
  number = {1},
  pages = {233--236},
  FILE = {~/Documents/papers/figueiredo_2009.pdf},
  DOI = { http://dx.doi.org/10.1002/tax.581022 }
}

@article{Oliveras2016,
  author = {Oliveras, I. and Malhi, Y.},
  title = {Many shades of green: the dynamic tropical forest-savannah transition zones},
  year = 2016,
  journal = {Philosophical Transactions of the Royal Society B: Biological Sciences},
  volume = {371},
  number = {20150308},
  pages = {1--15},
  FILE = {~/Documents/papers/oliveras_2015.pdf},
  DOI = { http://dx.doi.org/10.1098/rstb.2015.0308 }
}

@article{Dantas2016,
  author = {Dantas, V. L. and Hirota, M. and Oliveira, R. S. and Pausas, J. G.},
  title = {Disturbance maintains alternative biome states},
  year = 2016,
  journal = {Ecology Letters},
  volume = {19},
  number = {},
  pages = {12--19},
  FILE = {~/Documents/papers/dantas_2016.pdf},
  DOI = { http://dx.doi.org/10.1111/ele.12537 }
}

@book{Kershaw2017,
  editor = {},
  author = {Kershaw, J. A. and Ducey, M. J. and Beers, T. W. and Husch, B.},
  title = {Forest Mensuration},
  year = 2017,
  publisher = {John Wiley \& Sons},
  address = {Chichester, UK},
  isbn = {9781118902035}
}

@article{Koleff2003,
  author = {Koleff, P. and Gaston, K. J. and Lennon, J. J.},
  title = {Measuring beta diversity for presence-absence data},
  year = 2003,
  journal = {Journal of Animal Ecology},
  volume = {72},
  number = {},
  pages = {367--382},
  FILE = {~/Documents/papers/koleff_2003.pdf},
  DOI = { http://dx.doi.org/10.1046/j.1365-2656.2003.00710.x }
}

@article{Baselga2012,
  author = {Baselga, A.},
  title = {The relationship between species replacement, dissimilarity derived from nestedness, and nestedness},
  year = 2012,
  journal = {Global Ecology and Biogeography},
  volume = {21},
  number = {},
  pages = {1223--1232},
  FILE = {~/Documents/papers/baselga_2012.pdf},
  DOI = { http://dx.doi.org/10.1111/j.1466-8238.2011.00756.x }
}

@article{McNicol2015,
  author = {McNicol, I. M. and Ryan, C. M. and Williams, M.},
  title = {How resilient are {African} woodlands to disturbance from shifting cultivation?},
  year = 2015,
  journal = {Ecological Applications},
  volume = {25},
  number = {8},
  pages = {2320--2336},
  FILE = {~/Documents/papers/mcnicol_2015.pdf},
  DOI = { http://dx.doi.org/10.1890/14-2165.1 }
}

@book{Grime1979,
author = {Grime, J. P.},
editor = {},
title = {Plant strategies and vegetation processes},
publisher = {John Wiley and Sons},
year = 1979 ,
address = {Chichester, UK},
isbn = {0471496014}
}

@incollection{Grace1990,
  editor = {Grace, J. B. and Tilman, D.},
  author = {Keddy, P. A.},
  title = {Competitive hierarchies and centrifugal organization in plant communities},
  booktitle = {Perspectives on plant competition},
  pages = {266--287},
  year = 1990,
  publisher = {Academic Press},
  address = {San Diego CA, USA},
  isbn = {0122944526}
}

@book{Byers2001,
	author = {Byers, B.},
	year = 2001,
	title = {Conserving the miombo ecoregion},
	publisher = {WWF Southern Africa},
	address = {Harare, Zimbabwe},
	pages = {1--24},
	FILE = {~/Documents/papers/byers_2001.pdf}
}

@article{Barthlott2005,
  author = {Barthlott, W. and Mutke, J. and Rafiqpoor, D. and Kier, G. and Kreft, H.},
  title = {Global centers of vascular plant diversity},
  year = 2005,
  journal = {Nova Acta Leopoldina},
  volume = {92},
  number = {342},
  pages = {61--83},
  FILE = {~/Documents/papers/barthlott_2005.pdf}
}

@article{Syampungani2009,
  author = {Syampungani, S. and Chirwa, P. W. and Akinnifesi, F. K. and Sileshi, G. and Ajayi, O. C.},
  title = {The miombo woodlands at the cross roads: potential threats, sustainable livelihoods, policy gaps and challenges},
  year = 2009,
  journal = {Natural Resources Forum},
  volume = {33},
  number = {},
  pages = {150--159},
  FILE = {~/Documents/papers/syampungani_2009.pdf},
  DOI = { http://dx.doi.org/10.1111/j.1477-8947.2009.01218.x }
}

@article{Hooper2008,
  author = {Hooper, D. and Coughlan, J. and Mullen, M. R.},
  title = {Structural equation modelling: guidelines for determining model fit},
  year = 2008,
  journal = {Electronic Journal of Business Research Methods},
  volume = {6},
  number = {1},
  pages = {53--60},
  FILE = {~/Documents/papers/hooper_2008.pdf}
}

@article{Chidumayo2013,
  author = {Chidumayo, E. N.},
  title = {Forest degradation and recovery in a miombo woodland landscape in {Zambia}: 22 years of observations on permanent sample plots},
  year = 2013,
  journal = {Forest Ecology and Management},
  volume = {291},
  number = {},
  pages = {154--161},
  FILE = {~/Documents/papers/chidumayo_2013.pdf},
  DOI = { http://dx.doi.org/10.1016/j.foreco.2012.11.031 }
}

@article{Kraaij2006,
  author = {Kraaij, T. and Ward, D.},
  title = {Effects of rain, nitrogen, fire and grazing on tree recruitment and early survival in bush-encroached savanna, {South Africa}},
  year = 2006,
  journal = {Plant Ecology},
  volume = {186},
  number = {},
  pages = {235--246},
  FILE = {~/Documents/papers/kraaij_2006.pdf},
  DOI = { http://dx.doi.org/10.1007/s11258-006-9125-4 }
}

@article{Kalaba2013,
  author = {Kalaba, F. K. and Quinn, C. H. and Dougill, A. J. and Vinya, R.},
  title = {Floristic composition, species diversity and carbon storage in charcoal and agriculture fallows and management implications in Miombo woodlands of {Zambia}},
  year = 2013,
  journal = {Forest Ecology and Management},
  volume = {304},
  number = {},
  pages = {99--109},
  FILE = {~/Documents/papers/kalaba_2013.pdf},
  DOI = { http://dx.doi.org/10.1016/j.foreco.2013.04.024 }
}

@article{taxize,
  title = {taxize - taxonomic search and retrieval in {R}},
  journal = {F1000Research},
  author = {Chamberlain, C. and Szocs, E/},
  year = {2013},
  url = {http://f1000research.com/articles/2-191/v2},
}

@article{Azani2017,
  author = {{LPWG}, Azani, N. and Babineau, M. and Bailey, C. D. and Banks, H. and Barbosa, A. R. and Pinto, R. B. and Boatwright, J. S. and Borges, L. M. and Brown, G. K. and Bruneau, A. and Candido, E. and Cardoso, D. and Chung, K. and Clark, R. P. and Concei{\c{c}}{\~a}o, A. d. S. and Crisp, M. and Cubas, P. and Delgado-Salinas, A. and Dexter, K. G. and Doyle, J. J. and Duminil, J. and Egan, A. N. and {de la Estrella}, M. and Falc{\~a}o, M. J. and Filatov, D. A. and Fortuna-Perez, A. P. and Fortunato, R. H. and Gagnon, E. and Gasson, P. and Rando, J. G. and {de Azevedo Tozzi}, A. M. G. and Gunn, B. and Harris, D. and Haston, E. and Hawkins, J. A. and Herendeen, P. S. and Hughes, C. E. and Iganci, J. R. and Javadi, F. and Kanu, S. A. and Kazempour-Osaloo, S. and Kite, G. C. and Klitgaard, B. B. and Kochanovski, F. J. and Koenen, E. J. and Kovar, L. and Lavin, M. and le Roux, M. and Lewis, G. P. and {de Lima}, H. C. and L{\'o}pez-Roberts, M. C. and Mackinder, B. and Maia, V. H. and Mal{\'e}cot, V. and Mansano, V.F. and Marazzi, B. and Mattapha, S. and Miller, J. T. and Mitsuyuki, C. and Moura, T. and Murphy, D. J. and Nageswara-Rao, M. and Nevado, B. and Neves, D. and Ojeda, D. I. and Pennington, R. T. and Prado, D. E. and Prenner, G. and {de Queiroz}, L. P. and Ramos, G. and Filardi, F. L. R. and Ribeiro, P. G. and {de Lourdes Rico-Arce}, M. and Sanderson, M. J. and Santos-Silva, J. and S{\~a}o-Mateus, W. M. and Silva, M. J. and Simon, M. F. and Sinou, C. and Snak, C. and {de Souza}, {\'E}. R. and Sprent, J. and Steele, K. P. and Steier, J. E. and Steeves, R. and Stirton, C. H. and Tagane, S. and Torke, B. M. and Toyama, H. and {da Cruz}, D. T. and Vatanparast, M. and Wieringa, J. J. and Wink, M. and Wojciechowski, M.F. and Yahara, T. and Yi, T. and Zimmerman, E.},
  title = {A new subfamily classification of the {Leguminosae} based on a taxonomically comprehensive phylogeny: The {Legume Phylogeny Working Group (LPWG)}},
  year = 2017,
  journal = {Taxon},
  volume = {66},
  number = {},
  pages = {44--77},
  FILE = {~/Documents/papers/azani_2017.pdf},
  DOI = { http://dx.doi.org/10.12705/661.3 }
}

@article{DRYFLOR2016,
  author = {{DRYFLOR}, Banda-R, K. and Delgado-Salinas, A. and Dexter, K. G. and Linares-Palomino, R. and Oliveira-Filho, A. and Prado, D. and Pullan, M. and Quintana, C. and Riina, R. and Rodr{\'i}guez, G. M. and Weintritt, J. and Acevedo-Rodr{\'i}guez, P. and  Adarve, J. and {\'A}lvarez, E. and Aranguren, A. and Arteaga, J. C. and Aymard, G. and Casta{\~n}o, A. and Ceballos-Mago, N. and Cogollo, A. and Cuadros, H. and Delgado, F. and Devia, A. W. and Dueñas, H. and Fajardo, L. and Fern{\'a}ndez, A. and Fern{\'a}ndez, M. A. and Franklin, J. and Freid, E. H. and Galetti, L. A. and Gonto, R. and Gonz{\'a}lez-M., A. and Graveson, R. and Helmer, E. H. and Id{\'a}rraga, A. and L{\'o}pez, R. and Marcano-Vega, H. and Martínez, O. G. and Maturo, H. M. and McDonald, M. and McLaren, K. and Melo, O. and Mijares, F. and Mogni, V. and Molina, D. and Moreno, N. P. and Nassar, J. M. and Neves, D. M. and Oakley, L. J. and Oatham, M. and Olvera-Luna, A. R. and Pezzini, F. F. and Dominguez, O. J. R. and R{\'i}os, M. E. and Rivera, O. and Rodríguez, N. and Rojas, A. and S{\:a}rkinen, T. and S{\'a}nchez, R. and Smith, M. and Vargas, C. and Villanueva, B. and Pennington, R. T.},
  title = {Plant diversity patterns in neotropical dry forests and their conservation implications},
  year = 2016,
  journal = {Science},
  volume = {353},
  number = {6306},
  pages = {1383--1387},
  FILE = {~/Documents/papers/dryflor_2016.pdf},
  DOI = { http://dx.doi.org/10.1126/science.aaf5080 }
}

@article{Terra2018,
  author = {Terra, M. C. N. S. and {dos Santos} R. M. and {Prado J{\'u}nior}, J. A. and {de Mello}, J. M. and Scolforo, J. R. S. and Fontes, M. A. L. and {ter Steege}, H.},
  title = {Water availability drives gradients of tree diversity, structure and functional traits in the {Atlantic-Cerrado-Caatinga} transition, {Brazil}},
  year = 2018,
  journal = {Journal of Plant Ecology},
  volume = {11},
  number = {6},
  pages = {803--814},
  FILE = {~/Documents/papers/terra_2018.pdf},
  DOI = { http://dx.doi.org/10.1093/jpe/rty017 }
}

@article{Strickland2016,
  author = {Strickland, C. and Liedloff, A. C. and Cook, G. D. and Dangelmayr, G. and Shipman, P. D.},
  title = {The role of water and fire in driving tree dynamics in {Australian} savannas},
  year = 2016,
  journal = {Journal of Ecology},
  volume = {104},
  number = {},
  pages = {828--840},
  FILE = {~/Documents/papers/strickland_2016.pdf},
  DOI = { http://dx.doi.org/10.1111/1365-2745.12550 }
}

@inproceedings{Ngandwe2017,
  author = {{Ng'andwe}, P. and Chungu, D. and Shakacite, O. and Vesa, L.},
  editor = {M{\:o}tt{\:o}nen, V. and Heinonen, E.},
  title = {Abundance and distribution of top five most valuable hardwood timber species in {Zambia} and their implications on sustainable supply},
  year = {2017},
  booktitle = {6th International Conference on Hardwood Processing},
  address = {Natural Resources Institute Finland, Helsinki},
  publisher = {Natural Resources Institute Finland},
  pages = {18--27},
  FILE = {~/Documents/papers/ngandwe_2017.pdf}
}

@article{Wallenfang2015,
  author = {Wallenfang, J. and Finckh, M. and Oldeland, J. and Revermann, R.},
  title = {Impact of shifting cultivation on dense tropical woodlands in southeast {Angola}},
  year = 2015,
  journal = {Tropical Conservation Science},
  volume = {8},
  number = {4},
  pages = {863--892},
  FILE = {~/Documents/papers/wallenfang_2013.pdf},
  DOI = { http://dx.doi.org/10.1177/194008291500800402 }
}

@article{Sianga2017,
  author = {Sianga, K. and Fynn, R.},
  title = {The vegetation and wildlife habitats of the {Savuti-Mababe-Linyati} ecosystem, northern {Botswana}},
  year = 2017,
  journal = {KOEDOE},
  volume = {59},
  number = {2},
  pages = {1--16},
  FILE = {~/Documents/papers/sianga_2017.pdf},
  DOI = { http://dx.doi.org/10.4102/koedoe. v59i2.1406 }
}

@article{Mukwashi2012,
  author = {Mukwashi, K. and Gandiwa, E. and Kativu, S.},
  title = {Impact of {African} elephants on {\textit{Baikiaea plurijuga}} woodland around natural and artificial watering points in northern {Hwange National Park, Zimbabwe}},
  year = 2012,
  journal = {International Journal of Environmetnal Sciences},
  volume = {2},
  number = {3},
  pages = {1355--1368},
  FILE = {~/Documents/papers/mukwashi_2012.pdf},
  DOI = { http://dx.doi.org/10.6088/ijes.002020300022 }
}

@book{Wyk2014,
  author = {{van Wyk}, B. and {van Wyk}, P.},
  title = {Field guide to trees of southern {Africa}},
  year = 2014,
  publisher = {Struik Nature},
  address = {Cape Town, South Africa},
  isbn = {9781770079113}
}

@article{ggmap,
  author = {Kahle, D. and Wickham, H.},
  title = {ggmap: {Spatial} visualization with ggplot2},
  journal = {The R Journal},
  year = {2013},
  volume = {5},
  number = {1},
  pages = {144--161},
  url = {https://journal.r-project.org/archive/2013-1/kahle-wickham.pdf}
}

@manual{Chisingui2018,
  editor = {Revermann, R. and Krewenka, K. M. and Schmiedel, U. and Olwoch, J. M. and Helmschrot, J. and J{\:u}rgens, N.},
  author = {Chisingui, A. V. and Gon\c{c}alves, F. M. P. and Tchamba, J. J. and Cam{\^o}ngua, L. J. and Rafael, M. F. F. and Alexandre, J. L. M.},
  title = {Vegetation survey of the woodlands of {Hu{\'i}la Province}},
  booktitle = {Climate change and adaptive land management in southern {Africa} - assessments, changes, challenges, and solutions},
  year = 2018,
  pages = {426--437},
  publisher = {Klaus Hess Publishers},
  address = {G{\:o}ttingen, Germany \& Windhoek, Namibia},
  FILE = {~/Documents/papers/chisingui_2018.pdf},
  DOI = { http://dx.doi.org/10.7809/b-e.00355 }
}

@book{Palgrave2003,
  author = {Palgrave, K. C.},
  title = {Trees of southern {Africa}},
  year = 2003,
  publisher = {Struik Publications},
  address = {Cape Town, South Africa},
  isbn = {1868723895}
}

@book{Smith2004,
  author = {Smith, P. and Allen, Q.},
  title = {Field guide to the trees and shrubs of the miombo woodlands},
  year = 2004,
  publisher = {Royal Botanic Gardens, Kew},
  address = {London, UK},
  isbn = {1842460730}
}

@article{Luoga2004,
  author = {Luoga, E. J. and Witkowski, E. T. F. and Balkwill, K.},
  title = {Regeneration by coppicing (resprouting) of miombo ({African} savanna) trees in relation to land use},
  year = 2004,
  journal = {Forest Ecology and Management},
  volume = {189},
  number = {},
  pages = {23--25},
  FILE = {~/Documents/papers/luoga_2004.pdf},
  DOI = { http://dx.doi.org/10.1016/j.foreco.2003.02.001 }
}

@article{Muledi2017,
  author = {Muledi, J. I. and Bauman, D. and Drouet, T. and Vleminckx, J. and Jacobs, A. and Lejoly,J. and Meerts, P. and Shutcha, M. N.},
  title = {Fine-scale habitats influence tree species assemblage in a miombo forest},
  year = 2017,
  journal = {Journal of Plant Ecology},
  volume = {10},
  number = {6},
  pages = {958--969},
  FILE = {~/Documents/papers/muledi_2017.pdf},
  DOI = { http://dx.doi.org/10.1093/jpe/rtw104 }
}

@article{Ryan2011,
  author = {Ryan, C. M. and Williams, M. and Grace, J.},
  title = {Above- and belowground carbon stocks in a miombo woodland landscape of {Mozambique}},
  year = 2011,
  journal = {Biotropica},
  volume = {43},
  number = {4},
  pages = {423--432},
  FILE = {~/Documents/papers/ryan_2011.pdf},
  DOI = { http://dx.doi.org/10.1111/j.1744-7429.2010.00713.x }
}

@article{Sankaran2008,
  DOI = { https://dx.doi.org/10.1111/j.1466-8238.2007.00360.x },
  FILE = {~/Documents/papers/sankaran_2008.pdf},
  url = {https://doi.org/10.1111%2Fj.1466-8238.2007.00360.x},
  year = 2008,
  month = {mar},
  publisher = {Wiley},
  volume = {17},
  number = {2},
  pages = {236--245},
  author = {Mahesh Sankaran and Jayashree Ratnam and Niall Hanan},
  title = {Woody cover in African savannas: the role of resources, fire and herbivory},
  journal = {Global Ecology and Biogeography}
}

@article{Asner2009,
  doi = {https://dx.doi.org/10.1073/pnas.0810637106},
  url = {https://doi.org/10.1073%2Fpnas.0810637106},
  file = {~/Documents/papers/asner_2009.pdf},
  year = 2009,
  month = {mar},
  publisher = {Proceedings of the National Academy of Sciences},
  volume = {106},
  number = {12},
  pages = {4947--4952},
  author = {G. P. Asner and S. R. Levick and T. Kennedy-Bowdoin and D. E. Knapp and R. Emerson and J. Jacobson and M. S. Colgan and R. E. Martin},
  title = {Large-scale impacts of herbivores on the structural diversity of African savannas},
  journal = {Proceedings of the National Academy of Sciences}
}

