@misc{Trabucco2018,
  author = {Trabucco, A. and Zomer, R. J.},
  title = {Global Aridity Index and Potential Evapo-Transpiration (ET0) Climate Database v2},
  year = 2018,
  url = "https://cgiarcsi.community",
  note = "CGIAR Consortium for Spatial Information (CGIAR-CSI)"
}
